2672 4350
166 353 216 436 ‚76
482 369 512 410 n.
528 366 617 408 Juuu
641 365 818 408 surcarias

173 497 317 575 Abrupta.
359 501 429 558 dam
443 517 522 558 nune
535 499 633 566 obstas
644 499 674 554 e't
687 505 758 554 vota
771 499 904 572 moraris,
1010 532 1012 537 -

171 596 242 653 Jam
255 595 517 670 torquetjuvenem
531 594 619 670 longa
632 601 662 651 et
675 595 793 651 cervina
805 603 946 654 senectus.
1102 581 1107 590 ⁸

173 693 263 752 Ocius
277 691 461 767 Archigenen
475 708 579 764 quaere,
595 698 683 763 atque
696 707 759 746 eme
775 691 852 764 quod
866 690 1053 748 Mithridates

174 789 355 864 Composuit,
369 789 399 846 si
407 789 452 845 vis
465 789 555 845 aliam
568 788 719 862 decerpere
732 788 818 846 ficum
1054 779 1056 784 ’

172 885 274 960 Atque
286 886 359 944 alias
373 893 498 942 tractare
511 901 598 942 rosas.
639 885 822 942 Medicamen
835 885 1000 943 habendum
1014 893 1066 958 est,

173 986 295 1044 Serbere
308 993 376 1042 ante
390 985 488 1042 cibum
502 969 580 1058 quod
594 975 697 1041 debeat
711 991 741 1042 et
755 993 838 1060 pater
851 992 880 1042 et
894 1003 954 1042 rex.

212 1085 346 1142 Monstro
359 1083 540 1158 voluptatem
554 1082 708 1158 egregiam,
723 1082 771 1138 cui
786 1082 870 1140 nulla
881 1083 1005 1155 theatra,

153 1225 156 1233 .
172 1180 265 1238 Nulla
279 1197 394 1254 aequam
407 1197 496 1253 queas
509 1180 643 1255 praetoris
656 1179 772 1255 pulpita
784 1180 867 1253 lauti,
984 1221 987 1229 f

173 1279 205 1338 Si
219 1285 339 1355 spectes,
355 1285 465 1352 quanto
478 1279 581 1353 capitis
594 1278 759 1335 discrimine
773 1284 906 1336 constent
922 1237 959 1328 d⁵
969 1217 1062 1336 AM·
1070 1277 1130 1336 250

172 1377 355 1435 Incrementa
367 1376 478 1450 domus,
493 1384 586 1435 aerata
599 1377 709 1434 multus
724 1377 754 1433 in
768 1393 836 1434 arca

173 1475 283 1549 Fiscus,
298 1476 379 1534 etad
392 1476 511 1550 vigilem
525 1473 650 1550 ponendi
665 1473 790 1534 Castora
802 1473 923 1546 nummi,

172 1571 222 1630 Ex
235 1592 293 1648 quc
306 1574 390 1630 Mars
403 1571 492 1631 Ultor
504 1572 619 1648 galeam
633 1589 749 1647 quoque
761 1571 895 1647 perdidit,
910 1577 940 1628 et
953 1586 998 1628 res

172 1669 241 1728 Non
255 1670 353 1746 potuit
366 1687 480 1728 servare
494 1686 569 1726 suas.
610 1659 691 1744 Ergo
705 1668 804 1726 omnia
817 1668 913 1725 Flore

172 1765 214 1824 Et
229 1767 342 1826 Cereris
353 1766 422 1824 lieet
437 1773 467 1824 et
480 1765 603 1840 cybeles
616 1765 711 1823 aulaea
723 1764 869 1840 relinquas
879 1753 913 1844 t'

173 1864 270 1920 Tanto
283 1862 405 1937 majores
418 1855 550 1920 humana
561 1855 779 1940 negotia‘ludis
824 1875 826 1880 '

213 1959 265 2017 An
277 1960 372 2038 magis
385 1961 531 2020 oblectant
544 1960 676 2019 animum
684 1876 809 2035 jacui}
809 1967 933 2038 petauro

119 2107 125 2128 ,
173 2055 313 2133 Corpora,
329 2059 437 2132 quique
450 2057 525 2132 solet
538 2051 835 2117 rectum'descendere
847 2056 955 2130 famem,

173 2152 272 2227 Quam
284 2161 326 2227 tu',
340 2155 466 2231 Corycia
479 2161 592 2230 semper
606 2155 656 2230 qui
670 2173 767 2232 puppe
780 2155 903 2212 moraris

174 2251 274 2326 Atque
288 2253 408 2325 habitas,
422 2251 501 2312 Coro
514 2257 627 2327 semper
639 2252 784 2310 tollendus
797 2259 827 2308 et
839 2251 959 2323 Austro,
1069 2251 1130 2311 260

173 2349 310 2407 Perditus
324 2369 358 2408 ac
371 2350 439 2407 vilis
452 2349 529 2408 sacci
543 2356 687 2408 mercator
700 2348 817 2416 olentis3
1164 2357 1165 2362 ’

174 2444 234 2516 Qui
247 2445 356 2521 gaudes
367 2446 474 2521 pingue
488 2445 617 2518 antiquae
630 2444 667 2500 de
680 2445 764 2500 litore
777 2443 872 2502 Cretas

173 2543 305 2613 Passum,
320 2549 350 2598 et
362 2542 523 2617 municipes
535 2541 557 2599 J
557 2540 620 2598 ovis
634 2539 785 2598 advexisse
797 2531 934 2616 lagenast

174 2635 234 2694 Hic
248 2643 346 2706 tamma
359 2637 481 2712 ancipiti
495 2638 585 2712 figens
598 2637 722 2712 vestigia
734 2636 837 2712 planta

174 2733 293 2790 Victum
307 2733 359 2790 illa
371 2733 502 2791 mercede
516 2740 611 2808 parat,
626 2727 817 2808 brumamque
829 2733 993 2809 famemque

173 2827 233 2886 Illa
244 2836 318 2886 reste
332 2836 433 2887 cavet:
454 2835 489 2886 tu
502 2823 622 2904 propter
635 2829 717 2886 mille
730 2829 841 2890 talenta

173 2925 215 2984 Et
229 2935 345 2985 centum
357 2925 443 2984 villas
457 2925 638 2984 temerarius
679 2926 789 3003 Aspice
802 2935 903 3004 pertus

174 3023 215 3082 Et
227 3023 346 3100 plenum
359 3024 473 3100 magnis
487 3025 620 3084 trabibus
633 3043 730 3093 mare;
751 3025 818 3102 plus
830 3025 982 3084 hominum
994 3023 1111 3099 estjam

174 3120 210 3178 In
225 3121 345 3198 pelagu;
366 3121 463 3179 veniet
475 3119 585 3194 classis,
601 3139 774 3197 quocunque
787 3124 918 3182 vocarit*

175 3217 247 3292 Spes
259 3219 343 3290 iucri,
359 3237 412 3277 nec
426 3218 622 3296 Carpathium
636 3217 812 3295 Gaetulaque
825 3227 950 3300 tantum·
1070 3216 1129 3278 270
1172 3249 1186 3272 .

174 3313 308 3386 AEquura
321 3315 474 3389 transiliet,
490 3317 548 3391 sed,
562 3318 649 3393 longe
663 3313 756 3392 Calpe
768 3317 879 3389 relicte,

174 3409 285 3467 Audiet
298 3410 443 3469 Herculeo
456 3413 625 3472 stridentem
638 3413 752 3489 gurgite
765 3414 864 3470 solem.

175 3503 294 3563 Grande
307 3523 402 3582 operae
415 3509 539 3583 pretium
555 3518 607 3583 est,
623 3517 658 3567 ut
670 3518 753 3568 tenso
761 3504 834 3566 ¹felle
847 3507 952 3565 reverti

174 3603 248 3661 Inde
261 3604 380 3662 domum
393 3607 493 3680 possis,
507 3608 678 3681 tumideque
691 3599 831 3682 superbus
843 3605 933 3676 aluta,

175 3699 285 3758 Oceani
298 3709 429 3760 monsua
442 3710 472 3759 et
480 3701 602 3776 juvenes
615 3704 719 3762 vidisse
734 3703 869 3759 marinos.

175 3795 244 3853 Non
257 3814 331 3856 unus
344 3805 455 3857 mentes
468 3801 562 3875 agitat
574 3799 665 3860 furor.
706 3799 762 3858 Ille
775 3799 879 3858 sororis
