2654 4348
613 399 729 441 surm
753 400 783 440 V.

220 531 363 590 Cardiaco
376 547 524 604 nunquam
539 532 677 606 cyathum
691 533 835 590 missurus
848 533 961 599 amico;

207 679 209 685 A
220 628 293 688 Cras
306 629 386 685 hibet
398 627 524 686 Albanis
538 627 650 700 aliquid
663 629 699 685 de
713 629 858 686 montibus
872 636 924 686 aut
938 629 974 686 de

219 724 334 795 Setinis,
350 723 433 798 cujus
445 725 570 799 patriam
585 724 760 799 titulumque
773 732 906 784 senectus

217 821 336 878 Delevit
348 822 442 878 multa
454 822 558 878 veteris
568 820 686 896 fuligine
699 830 795 880 testae:

218 918 316 990 Quale
327 918 455 977 coronati
469 919 600 976 Thrasea
610 919 821 994 Helvidiusque
835 919 973 978 bibebant

217 1016 377 1074 Brutorum
391 1023 421 1073 et
436 1013 518 1073 casu
531 1014 685 1072 natalibus.
727 1016 794 1090 Ipse
809 1033 928 1092 capaces

198 1125 200 1127 ’
217 1113 377 1170 Heliadum
390 1119 503 1168 crustas
515 1117 545 1166 et
558 1111 714 1184 inequales
727 1111 838 1188 beryllo

216 1209 399 1290 virro-tenet
412 1205 542 1283 phialas:
565 1207 621 1262 tibi
633 1226 692 1264 uon
706 1209 901 1266 committitur
913 1228 1016 1268 aurum
1027 1232 1036 1278 3

217 1305 283 1377 Vel,
299 1301 327 1362 si'
338 1303 456 1378 quando
469 1303 566 1374 datur,
580 1311 678 1360 eustos
691 1303 795 1362 affixus
807 1305 923 1378 ibidem,
1133 1307 1173 1368 40

219 1401 277 1474 Qui
292 1408 425 1459 numeret
436 1417 574 1475 gemmas,
591 1415 760 1474 unguesque
772 1402 903 1461 observet
916 1409 1023 1462 acutos

218 1498 267 1556 Da
279 1499 411 1557 veniam:
434 1496 574 1573 praeclare
588 1496 649 1554 illic
662 1497 800 1556 laudatur
813 1499 909 1574 iaspis

217 1595 296 1652 Nam
309 1595 407 1667 Virro,
422 1601 457 1651 ut
470 1595 566 1667 multi,
580 1611 709 1671 gemmas
722 1596 760 1653 ad
773 1595 878 1671 poeula
892 1593 1029 1654 transfert

217 1693 248 1750 Α
262 1692 371 1768 digitis,
386 1709 458 1765 quas
471 1692 503 1748 in
515 1691 630 1766 vaginae
643 1691 739 1750 fronte
752 1692 862 1752 solebat

186 1771 189 1778 ¹
217 1791 330 1846 Ponere
342 1787 474 1863 zelotypo
483 1787 600 1862 juvenis
613 1788 753 1864 praelatus
766 1789 870 1848 Iarbae.

217 1886 264 1942 Tu
278 1872 477 1943 Beneventani
491 1886 596 1943 sutoris
608 1904 713 1944 nomen
726 1886 882 1944 habentem

218 1982 348 2041 Sicoabis
362 1981 491 2052 culicem,
507 1999 644 2040 nasorum
658 1991 791 2056 quatuor,
805 2001 840 2042 ac
849 1981 912 2056 jam
1006 2049 1009 2056 ¹

218 2081 406 2154 Quassatum,
421 2085 451 2135 et
465 2085 553 2152 rupto
565 2086 729 2154 poscentem
743 2078 856 2146 sulfura
865 2081 951 2159 vitro,

218 2177 251 2236 Si
264 2177 428 2235 stomachus
442 2174 553 2232 domini
565 2172 656 2232 fervet
669 2176 794 2248 vinoque
809 2177 938 2250 ciboque,

217 2274 365 2351 Frigidior
378 2273 490 2333 Geticis
503 2273 615 2347 petitur
631 2273 750 2330 decocta
761 2271 890 2348 pruinis:
1132 2275 1175 2336 50

238 2405 240 2410 ,
257 2372 327 2431 Non
339 2371 440 2430 eadem
453 2370 535 2428 vobis
547 2370 617 2446 poni
631 2369 718 2427 modo
731 2370 800 2429 vina
813 2371 971 2443 querebare

217 2469 279 2527 Vos
293 2469 381 2528 1111111
395 2468 503 2543 potatis
516 2485 631 2542 aquam.
673 2467 740 2524 Tibi
754 2466 861 2542 pocula
874 2485 975 2526 cursor

218 2568 353 2627 Gaetulus
367 2557 457 2640 dabit,
472 2573 523 2625 aut
537 2566 613 2642 nigri
627 2583 731 2623 manus
743 2581 824 2624 ossea
836 2566 946 2634 Mauri,

217 2663 259 2722 Et
271 2666 320 2724 cui
332 2683 384 2742 per
395 2664 522 2722 mediam
534 2663 610 2721 nolis
623 2681 770 2720 occurrere
783 2669 907 2734 noctem,

218 2763 341 2822 Olivosae
354 2763 467 2820 veheris
481 2762 552 2819 dum
565 2779 618 2836 per
630 2767 818 2818 monumenta
832 2759 954 2817 Latinae.

217 2860 288 2920 Flos
301 2859 381 2917 Asiae
395 2867 463 2917 ante
476 2860 581 2934 ipsum,
595 2859 689 2934 pretio
702 2855 812 2930 majore
826 2865 952 2931 paratus,
1052 2921 1056 2930 ,

182 2987 202 3023 e
218 2958 316 3030 Quam
328 2954 386 3013 fuit
399 2964 429 3012 et
441 2955 523 3013 Tulli
536 2973 638 3012 census
650 2954 792 3031 pugnacis
807 2961 836 3010 et
849 2953 937 3024 Anci,

218 3054 267 3125 Et,
283 3072 321 3110 ne
334 3061 363 3110 te
376 3060 499 3124 teneam,
513 3053 711 3109 Romanorum
725 3051 826 3109 omnia
837 3069 938 3125 regum
1031 3103 1035 3110 .

202 3150 346 3209 'Frivola
390 3148 477 3221 Quod
491 3165 583 3220 quum
594 3147 639 3204 ita
652 3149 699 3220 sit,
715 3155 749 3205 11
764 3146 913 3206 Gaetulum
927 3146 1128 3222 Ganymedem
1201 3205 1205 3209 .

218 3248 348 3323 Respice,
364 3264 454 3320 quum
467 3245 554 3302 sities.
595 3241 698 3302 Nescit
711 3252 756 3301 tot
769 3244 897 3301 millibus
911 3252 1005 3300 emtus
1134 3249 1173 3306 60

217 3345 399 3420 Pauperibus
413 3343 532 3400 miseere
546 3357 635 3416 puer:
658 3319 707 3399 s‘ed
720 3340 822 3412 sonna,
836 3341 885 3398 sed
899 3349 968 3400 aetas

218 3441 318 3517 Digna
331 3439 493 3517 supercilio.
535 3438 660 3510 Quando
673 3438 711 3496 ad
723 3445 753 3496 te
765 3438 897 3514 pervenit
908 3437 981 3497 illei

220 3539 344 3612 Quando
356 3542 477 3597 vocatus
490 3536 571 3594 adest
584 3535 684 3594 calidae
697 3536 856 3612 gelidaeque
869 3535 1022 3595 minister?

220 3635 335 3710 Quippe
347 3635 515 3710 indignatur
528 3633 619 3692 veteri
632 3649 733 3707 parere
746 3631 853 3702 clienti,

144 3723 146 3726 ’
221 3731 362 3805 Quodque
374 3731 484 3803 aliquid
498 3747 600 3806 poscae
613 3736 643 3784 et
656 3728 733 3800 quod
747 3747 776 3784 se
790 3736 886 3784 stante
898 3729 1058 3786 recumbes.

220 3827 354 3886 Maxima
367 3844 489 3901 quaeque
502 3828 605 3890 domus
619 3825 709 3882 serris
720 3830 765 3880 est
777 3824 864 3897 plena
876 3823 1013 3896 superbis.
