2654 4348
572 352 688 395 SATlRA
709 349 768 392 vu.

196 489 284 550 Sidus
296 495 326 546 et
339 487 445 546 occulti
459 485 592 544 miranda
605 484 735 560 potentia
748 481 823 540 satit

197 587 294 647 Servis
305 603 395 662 regna
408 585 528 654 dabunt,
544 581 666 658 captivis
679 579 741 636 fata
755 578 925 656 triumphos.

196 685 284 742 Felix
295 683 346 740 ille
358 669 456 740 tamen
471 699 558 738 corvo
571 695 686 753 quoque
699 678 793 734 rarior
806 679 881 736 albo.

196 763 340 840 Paenituit
353 780 461 837 multos
475 797 557 835 vanae
571 777 733 850 sterilisque
745 775 898 848 cathedre,

198 880 280 939 Sicut
293 875 503 952 Thrasymachi
517 875 621 950 probat
634 873 733 930 exitus
747 880 833 946 atque
847 869 973 930 Secundi

198 976 363 1036 (larineti‘st
384 981 415 1030 et
426 973 506 1029 hunc
519 971 633 1047 inopem
648 969 769 1040 vidistis,
783 969 919 1042 Athenae,

157 1079 158 1082 ’
198 1073 250 1131 Nil
264 1080 369 1147 praeter
382 1068 490 1146 gelidas
504 1085 582 1125 ausae
595 1065 725 1124 conferre
738 1066 856 1124 cicutas.

198 1172 248 1241 Dr,
264 1167 410 1241 majorum
423 1164 534 1222 umbris
547 1172 663 1221 tenuem
678 1170 707 1219 et
720 1163 782 1218 sine
796 1162 920 1238 pondere
933 1169 1042 1220 terram

200 1267 404 1342 spirantesque
418 1280 517 1320 crocos
531 1269 561 1318 et
574 1259 606 1317 in
622 1277 696 1315 urna
708 1267 879 1334 perpetuum
892 1277 951 1331 ver,

158 1411 163 1415 .
200 1366 260 1438 Qui
273 1370 479 1439 praeceptorem
493 1359 586 1417 sancti
600 1355 717 1415 voluere
730 1355 858 1430 parentis

200 1463 271 1536 Esse
284 1460 365 1519 loco!
408 1460 545 1516 Metuens
558 1455 648 1530 virgae
657 1451 720 1527 jam
734 1452 851 1528 grandis
864 1451 995 1510 Achilles
1027 1437 1030 1442 ’
1094 1453 1154 1512 210

73 1539 80 1546 ἱ
130 1625 133 1629 ,
201 1554 347 1619 Cantabat
361 1557 463 1633 patriis
476 1556 508 1612 in
522 1554 685 1612 montibus:
708 1558 738 1607 et
751 1555 799 1608 cui
813 1569 871 1607 non
886 1558 956 1608 tunc

201 1657 325 1714 Elicerct
338 1655 428 1712 risum
443 1651 596 1711 citharoedi
610 1651 704 1708 cauda
716 1651 867 1726 magistri?

201 1754 258 1812 Sed
272 1751 383 1810 Rufum
397 1759 486 1824 atque
500 1741 574 1807 alios
587 1749 672 1818 caed‘u
685 1765 742 1805 sua
755 1765 898 1822 quemque
907 1745 1057 1821 juventus,

201 1849 322 1921 Rufum,
337 1849 388 1922 qui
401 1848 487 1904 toties
502 1846 672 1906 Ciceronem
685 1845 848 1922 Allobroga
860 1845 943 1904 dixit.

242 1947 318 2018 Quis
331 1945 441 2021 gremio
455 1942 556 2002 Celadi
568 1943 702 2016 doctique
714 1941 889 1999 Polemonis
901 1941 986 2000 affert

165 2113 169 2122 ,
202 2045 356 2114 Quantum
371 2038 577 2116 grammaticus
590 2039 696 2096 meruit
711 2038 814 2097 labori
835 2047 976 2098 ettamen
990 2040 1096 2096 cxhoc

204 2140 403 2212 Quodcunque
416 2144 460 2194 est
472 2136 579 2212 (minue
593 2142 637 2193 est
650 2143 758 2207 autem,
769 2154 858 2208 quam
870 2134 993 2192 rhetoris
1005 2139 1076 2209 aera)

202 2227 348 2313 Discipuli
361 2243 456 2293 custos
469 2231 642 2309 praemordet
656 2231 864 2303 Acoenonetus‚

202 2335 252 2407 Et,
266 2333 321 2407 qui·
332 2333 485 2406 dispensat,
500 2328 608 2405 frangit
621 2329 685 2387 sibi.
731 2328 817 2401 Cede,
832 2327 991 2399 Palaemon,

203 2431 245 2489 Et
258 2438 357 2507 patere
370 2429 436 2485 inde
450 2427 562 2510 aliquid
575 2426 745 2498 decrescere,
761 2445 821 2483 non
835 2426 929 2496 aliter,
944 2442 1033 2499 quam
1100 2424 1159 2484 220

204 2529 328 2586 Institor
339 2528 466 2583 hibernae
480 2525 582 2602 tegetis
595 2524 732 2598 niveique
745 2523 876 2590 cadurci;

203 2625 371 2683 Dummodo
384 2641 443 2681 non
456 2631 564 2700 percat,
580 2623 683 2681 mediae
697 2621 776 2695 quod
789 2621 883 2679 noctis
896 2620 1019 2679 abiecta

206 2723 319 2795 Sedisti,
334 2739 393 2796 qua
405 2740 491 2779 nemo
503 2718 592 2793 faber,
605 2739 667 2796 qua
679 2739 765 2777 nemo
777 2721 898 2792 sederet,

206 2821 265 2892 Qui
279 2821 362 2877 docet
374 2819 494 2892 obliquo
506 2819 604 2876 lanam
617 2817 757 2876 deducere
770 2815 845 2874 ferro
850 2805 863 2883 λ;

205 2916 374 2974 Dummodo
386 2934 445 2973 non
459 2923 557 2990 pereat
570 2914 693 2972 totidem
706 2913 835 2972 olfecisse
847 2914 988 2986 lucernas,

207 3001 419 3083 Quot‘stabant
432 3012 524 3086 pueri,
539 3029 630 3084 quum
645 3018 726 3066 totus
740 3011 854 3068 decolor
867 3017 942 3066 esset

209 3109 335 3192 Flaccus
347 3115 377 3165 et
390 3095 512 3164 haereret
525 3108 609 3184 nigro
623 3105 714 3181 fuligo
728 3107 855 3164 Maroni.

207 3209 289 3264 Rara
300 3213 401 3263 tamen
412 3222 530 3276 meroes,
546 3221 611 3278 quae
625 3202 788 3278 cognitione
801 3204 910 3261 tribuni

207 3302 275 3361 Non
289 3309 381 3379 egeat.
423 3301 481 3361 Sed
489 3319 546 3360 ‚vos
560 3317 650 3358 saevas
663 3296 805 3375 imponite
818 3301 904 3377 leges,
1173 3347 1176 3351 .

208 3401 252 3459 Ut
266 3401 434 3477 preceptori
447 3401 599 3458 verborum
613 3399 714 3474 regula
726 3406 847 3472 constet,
955 3413 961 3426 ¹
1103 3399 1162 3458 230

208 3499 252 3556 Ut
266 3498 343 3574 legat
357 3497 502 3566 historias,
518 3505 649 3554 auctores
663 3497 776 3554 noverit
790 3515 898 3570 omnes,

210 3596 365 3669 Tanquam
379 3568 490 3670 ungues
503 3585 664 3670 digitosque
678 3611 762 3650 suos:
784 3602 818 3651 ut
832 3593 906 3653 forte
919 3602 1046 3672 rogatus,

210 3693 291 3750 Dum
304 3691 377 3768 petit
392 3699 444 3749 aut
457 3692 584 3750 thermas
599 3699 652 3748 aut
664 3692 770 3749 Phoebi
783 3692 895 3762 balnea,
911 3690 988 3749 dicat

210 3789 362 3846 Nutricem
376 3787 523 3858 Anchisae,
538 3807 644 3850 nornen
658 3787 841 3863 patriamque
853 3805 984 3844 novercae
1069 3841 1072 3848 ,
