2654 4348
154 340 192 396 16
459 358 597 401 11111111
619 358 797 402 ruvereus

150 487 284 544 Vendere
297 488 456 564 municipes
469 486 564 548 fracta
576 490 612 548 de
624 507 719 548 merce
732 489 850 547 siluros!

150 583 260 659 Incipe,
277 583 420 659 Calliope,
434 585 504 643 licet
517 594 547 642 et
560 587 723 645 considere:
744 605 803 644 non
817 593 861 643 cst

152 681 348 753 (lentandum,
364 700 410 740 res
421 700 492 740 veru
506 684 618 759 agitur:
636 692 765 762 narrate,
780 683 885 759 puellae

148 776 286 834 Pierides.

191 873 290 944 Quum
299 869 362 945 jam
377 873 581 932 semianimum
594 875 736 948 laceraret
749 874 871 932 Flavius
884 874 984 932 orbem

149 970 289 1042 Ultimus,
305 978 335 1026 et
348 970 432 1028 calvo
445 972 567 1028 serviret
580 973 675 1028 Roma
688 971 809 1043 Neroni,

150 1066 259 1124 Incidit
275 1066 394 1125 Adriaci
405 1067 715 1142 spatium-admirabile
728 1067 844 1126 rhombi

150 1163 231 1220 Ante
245 1162 364 1220 domum
373 1163 507 1235 Veneris,
522 1180 611 1237 quam
625 1163 735 1222 Dorica
747 1165 869 1222 sustinet
882 1164 998 1236 Ancon,

149 1259 345 1334 Implevitque
359 1261 457 1318 sinus:
480 1261 665 1334 nequeenim
677 1261 775 1318 minor
788 1263 909 1319 haeserat
921 1261 990 1333 illis,
1040 1275 1045 1284 ·
1065 1260 1107 1320 40

151 1356 232 1427 Quos
245 1357 338 1433 operit
350 1357 458 1434 glacies
470 1358 614 1429 Maeotica,
628 1366 771 1434 ruptaque
788 1357 904 1414 tandem

150 1454 267 1513 Solibus
282 1453 402 1512 effundit
416 1455 556 1530 torpentis
569 1455 607 1512 ad
620 1456 694 1511 ostia
706 1454 805 1524 Ponti,

149 1551 270 1610 Desidia
282 1552 382 1609 tardos
396 1559 426 1607 et
438 1551 524 1626 longo
538 1549 643 1625 frigore
656 1550 786 1624 pingues.

149 1647 287 1705 Destinat
301 1649 358 1704 hoc
371 1654 531 1704 monstrum
546 1647 656 1720 cymbae
669 1645 781 1718 linique
794 1645 931 1720 magister

148 1743 284 1800 Pontifici
297 1759 419 1798 summo.
462 1741 535 1813 Quis
549 1742 626 1797 enim
639 1760 797 1816 proponere
810 1742 908 1814 talem,

149 1839 215 1896 Aut
228 1855 323 1894 emere
337 1837 463 1908 auderet,
479 1855 569 1910 quum
583 1838 670 1914 plena
684 1846 713 1898 et
726 1839 813 1898 litora
826 1840 920 1898 multo

148 1934 287 1992 Delatore
299 1932 415 1992 forentl
457 1934 590 2010 Dispersi
604 1937 736 2010 protinus
749 1937 822 2013 algae

149 2031 338 2105 Inquisitores
353 2039 471 2107 agerent
483 2050 550 2090 cum
564 2034 673 2110 remige
687 2035 775 2108 nudo,

147 2128 177 2186 N
179 2147 216 2185 on
229 2128 393 2188 dubitaturi
407 2126 562 2206 fugitivum
576 2131 670 2188 dicere
684 2132 801 2207 piscem,

148 2226 365 2301 Depastumque
378 2226 429 2284 diu
442 2227 556 2285 vivaria
570 2227 708 2295 Oaesaris3
730 2230 798 2286 inde

148 2321 289 2396 Elapsum
303 2331 430 2382 veterem
444 2323 482 2379 ad
496 2324 645 2380 dominum
659 2326 762 2382 debere
774 2325 890 2385 reverti.

91 2493 95 2500 Ι
148 2416 181 2475 Si
194 2417 266 2489 quid
277 2416 419 2490 Palfurio,
435 2419 460 2474 si
475 2419 616 2477 credimus
629 2419 798 2494 Armillat0,

148 2513 298 2585 Quidquid
312 2514 500 2589 conspicuum
513 2515 724 2589 pulchrumque
738 2527 780 2575 est
794 2537 909 2593 aequore
922 2527 994 2594 toto,

147 2610 205 2665 Res
218 2608 278 2666 fisci
292 2617 343 2683 cst,
358 2611 533 2683 ubicumque
546 2619 638 2670 natat.
682 2613 850 2674 Donabitur
862 2636 942 2695 ergo,

146 2703 193 2761 Ne
206 2712 324 2779 pereat·
356 2705 378 2764 J
378 2723 426 2762 am
440 2705 553 2764 letifero
566 2708 684 2767 cedente
696 2713 808 2786 pruinis

147 2800 309 2872 Autumno,
320 2799 385 2874 jam
400 2811 573 2875 quartanam
587 2811 769 2882 sperantibus
782 2813 874 2888 aegris,

147 2898 293 2956 Stridebat
306 2897 441 2957 deformis
453 2900 545 2959 hiems
558 2893 744 2980 praedamque
756 2918 901 2968 recentem

147 2995 305 3053 Servabat:
327 3003 426 3055 tatnen
439 2999 488 3056 hic
500 3010 645 3076 properat,
659 3003 742 3061 velut
754 3016 856 3082 urgeat
869 3007 996 3066 Auster:

146 3092 246 3164 thue
259 3092 340 3152 lacus
353 3095 500 3170 suberant,
515 3099 575 3171 ubi,
590 3117 759 3174 quanquam
773 3103 879 3175 diruta,
894 3113 990 3163 servat

145 3187 245 3262 Ignem
259 3188 421 3262 Trojanum
434 3194 595 3254 etVestam
609 3197 678 3256 colit
691 3198 771 3256 Alba
785 3202 935 3273 minorem,
970 3261 973 3270 ,
1062 3203 1107 3260 60.

145 3283 270 3342 Obstitit
282 3285 406 3346 intranti
418 3291 557 3350 miratrix
570 3295 658 3352 turba
670 3313 833 3372 parumper.

145 3379 188 3436 Ut
202 3381 295 3455 cessit,
310 3381 390 3442 facili
403 3394 561 3462 patuerunt
576 3391 693 3448 cardine
705 3393 812 3461 valvae3

143 3475 265 3535 Exclusi
279 3490 411 3556 spectant
424 3485 552 3542 admissa
565 3489 686 3561 opsonia
698 3491 809 3548 Patres.

82 3635 108 3658 Ι,
144 3571 211 3630 Itur
223 3575 262 3632 ad
276 3575 408 3635 Atriden.
449 3581 527 3638 Tum
541 3583 655 3656 Picens,
669 3585 833 3661 “Accipe'’
844 3589 928 3661 dixit,

146 3671 164 3702 “
172 3670 302 3728 Privatis
316 3672 428 3746 majora
441 3673 530 3732 focis:
552 3679 673 3752 genialis
686 3690 791 3756 agatur

143 3761 204 3820 Iste
216 3766 293 3822 dies:
317 3785 440 3842 propera
451 3774 633 3830 stomachum
647 3774 747 3833 laxare
760 3779 879 3852 saginis,
