2654 4348
174 347 216 404 22
482 362 512 402 u.
532 360 627 402 sunu
644 358 821 401 suvnnnms

214 495 298 564 Ecce,
314 492 388 550 alius
402 491 655 566 quantoporrexit
667 509 815 550 murmure
828 507 933 564 panem

172 593 235 651 Vix
248 569 383 660 fracium,
397 587 498 644 solidae
505 585 569 659 jam
583 585 701 644 mucida
713 583 806 642 frusta
818 585 929 656 farinae,

174 689 247 760 Quae
261 686 420 762 genuinum
434 683 554 758 agitent,
569 700 627 740 nou
640 681 826 741 admittentis
838 679 981 738 morsuml

174 785 232 843 Sed
245 790 326 840 tener
340 788 369 837 et
382 781 484 840 niveus
498 778 636 850 mollique
650 778 761 852 siligine
774 775 867 834 factus
1000 812 1006 817 —
1090 773 1129 834 70

175 882 314 938 Servatur
326 877 452 934 domino.
495 875 640 932 Dextram
654 874 788 934 cohibere
801 879 954 932 memento.

175 976 264 1034 Salva
278 975 316 1032 sit
330 979 453 1047 artoptae
466 971 628 1028 reverentia
636 989 653 1038 ε,
666 971 741 1045 finge
754 977 851 1027 tamen
865 977 894 1026 te

174 1071 394 1146 Improbulum;
415 1063 543 1145 superest
555 1068 626 1141 illio,
640 1069 690 1141 qui
704 1085 810 1143 ponere
823 1075 916 1142 cogat

177 1169 258 1225 “Vis
272 1175 305 1224 tu
320 1167 469 1240 consuetis,
484 1166 582 1224 audax
595 1164 726 1240 conviva,
743 1165 877 1222 canistris

174 1265 304 1340 Impleri,
320 1266 462 1340 panisque
476 1265 520 1320 tui
536 1261 828 1322 novisse·coloremi”

177 1363 321 1422 “Scilicet
334 1362 390 1420 hoc
403 1360 507 1432 suerat,
522 1359 731 1437 propterquod
744 1375 827 1432 saepe,
842 1357 944 1415 relicta

175 1459 313 1534 Conjuge,
329 1477 380 1534 per
393 1465 522 1516 muntem
537 1458 689 1531 adversum
702 1455 867 1531 gelidasque
880 1453 995 1511 cucurri
1106 1471 1108 1474 ·

174 1556 332 1629 Esquilias,
347 1552 480 1611 fremeret
493 1571 571 1636 saejvs
584 1571 675 1626 quum
689 1551 829 1626 grandine
843 1567 949 1608 vernus

174 1653 301 1727 Jupiter,
317 1660 346 1708 et
359 1651 452 1707 multo
466 1649 589 1708 stillaret
603 1648 719 1722 paenula
731 1647 865 1706 nimb01”

174 1747 291 1822 Aspice,
306 1764 395 1818 quam
408 1745 494 1819 longo
508 1743 653 1800 distendat
666 1751 783 1818 pectore
796 1743 917 1814 lancem,
936 1765 937 1768 ¹
1090 1743 1131 1801 80

175 1845 248 1916 Quae
261 1841 352 1899 fertur
365 1833 491 1911 domino,
505 1839 621 1913 squilla,
636 1840 784 1913 etquibus
798 1839 925 1914 undique
937 1845 1021 1916 septa

174 1939 343 2014 Asparagis,
358 1955 417 2011 qua
429 1937 569 2012 despiciat
582 1937 717 2014 convivia
731 1937 832 2008 cauda,

175 2036 273 2108 Quum
287 2025 368 2093 venit
380 2033 488 2097 excelsi
496 2034 634 2101 ,munibus
648 2034 765 2092 sublata
778 2033 914 2093 ministri.
995 2061 996 2064 ¹

175 2133 233 2191 Sed
246 2132 300 2190 tib'i
312 2131 434 2196 dimidio
447 2131 620 2189 constrictus
634 2149 797 2192 cammarus
811 2149 868 2192 ovo

173 2230 299 2286 Ponitur
312 2229 426 2305 exigua,
442 2227 539 2293 feralis
553 2247 646 2300 coena,
662 2229 779 2304 patella.

174 2327 240 2400 Ipse
252 2324 422 2384 Venafrano
435 2325 541 2400 piscem
556 2322 719 2399 perfundit:
742 2333 774 2382 st
787 2325 844 2398 hic,
858 2326 909 2402 qui

173 2422 306 2479 Pallidus
319 2421 440 2479 affertur
453 2421 557 2478 misero
571 2420 626 2478 tibi
641 2421 741 2494 caulis,
755 2422 845 2484 olebit
947 2450 950 2458 ¹

173 2519 350 2575 Laternam:
371 2516 447 2573 illud
460 2516 538 2573 enim
550 2517 655 2574 vestris
667 2517 755 2575 datur
769 2519 896 2593 alveolis,
911 2519 990 2595 quod
1091 2527 1094 2534 ‘

175 2615 278 2673 Canna
290 2614 481 2689 Micipsarum
495 2631 581 2689 prora
594 2616 729 2673 subvexit
743 2624 848 2686 acuta3
1026 2673 1033 2686 ,

173 2713 298 2784 Propter
311 2709 389 2782 quod
401 2709 504 2766 Rornae
518 2728 584 2767 cum
597 2710 747 2770 Bocchare
760 2731 847 2771 nemo
859 2714 993 2782 lavatur3
1086 2715 1130 2774 ’90

174 2805 262 2878 Quod
275 2813 355 2863 tutos
367 2805 457 2863 ctiam
471 2804 540 2872 facit
554 2824 573 2862 a
586 2809 765 2882 serpentibus
778 2808 876 2866 Afros.
895 2857 900 2868 .

174 2902 286 2960 Mullus
298 2902 355 2959 erit
365 2902 484 2976 domini,
499 2921 586 2975 quem
600 2904 680 2962 misit
695 2905 824 2978 Corsica,
839 2907 886 2963 vel
899 2924 985 2980 quem

174 3001 428 3058 Tauromenitana
441 3019 536 3077 rupes,
546 3004 670 3076 ¹quando
681 3021 768 3060 omne
782 3011 932 3079 peractum
946 3010 990 3061 est

174 3097 215 3153 Et
223 3095 288 3171 jam
306 3095 410 3161 defecit
423 3107 554 3156 nostrum
567 3118 656 3174 mare,
671 3101 741 3158 dum
754 3101 822 3177 gula
836 3101 929 3174 saevit,

174 3195 296 3253 Retibus
309 3196 430 3260 assiduis
444 3197 560 3272 penitus
572 3199 856 3264 scrutante’maccllo

174 3291 324 3364 Proxima,
338 3308 391 3350 nec
404 3294 534 3369 petimur
543 3295 731 3370 Tyrrhenum
744 3282 869 3354 creseere
882 3295 999 3372 piscem.

174 3385 298 3444 Instruit
312 3405 379 3464 ergo
392 3386 493 3448 focum'
501 3391 667 3465 provincia:
690 3393 815 3450 sumitur
828 3393 910 3451 illinc

175 3482 263 3555 Quod
276 3493 410 3560 captator
422 3494 502 3544 emat
514 3487 627 3559 Laeuas,
639 3487 763 3544 Aurelia
776 3490 891 3546 vendat.

174 3579 297 3638 Virroni
310 3600 440 3640 murana
453 3583 550 3654 datur,
564 3585 865 3657 qua-maximasenit

176 3674 300 3752 Gurgite
313 3678 348 3734 de
362 3678 479 3738 Siculo:
502 3697 579 3750 nam,
595 3681 663 3738 dum
676 3682 850 3740 secontinet
860 3681 978 3753 Auster,
1047 3701 1051 3708 ’
1071 3681 1128 3740 100

175 3771 257 3830 Dum
271 3774 393 3830 sedetet
407 3774 496 3833 siccat
510 3776 683 3834 medidusin
697 3796 810 3834 carcere
823 3795 940 3854 pennas,
