2702 4354
622 397 736 438 SATIR'A
759 397 803 439 lv.

484 939 492 950 .
600 840 757 950 sauma
776 892 831 950 IV.

240 1019 312 1075 Rau
324 1017 423 1094 populi
437 1019 568 1078 tractas?
583 1021 748 1096 (barbatum
761 1021 823 1080 haec
836 1021 919 1082 crede
931 1020 1105 1100 magistrum

240 1115 354 1187 Dicere,
370 1115 491 1173 sorbitio
504 1115 583 1173 tollit
597 1133 682 1189 quem
696 1115 760 1172 dira
774 1118 898 1196 cicutae),

242 1212 309 1283 Quo
321 1209 419 1284 fietus,
433 1211 489 1284 dic,
504 1230 523 1268 o
536 1214 635 1288 magni
647 1214 757 1288 pupille
769 1216 885 1274 Pericli.

242 1309 359 1368 Scilicet
372 1309 519 1384 ingenium
533 1315 563 1366 et
576 1326 674 1366 rerum
687 1299 842 1386 prudentia
854 1313 941 1369 velox

241 1405 322 1462 Ante
335 1405 411 1481 pilos
423 1407 521 1475 venit;
542 1405 665 1464 dicenda
677 1408 858 1482 tacendaque
872 1408 975 1466 calleci

242 1503 320 1578 Ergo
334 1504 385 1561 ubi
398 1511 544 1562 commota
556 1502 648 1560 fervet
662 1505 813 1580 plebecula
825 1506 892 1578 bile,

242 1602 312 1658 Fert
326 1603 439 1660 animus
453 1601 554 1661 calidae
567 1600 667 1660 fecisse
681 1602 797 1661 silentia
809 1605 903 1661 turbae

243 1699 398 1773 Majestate
411 1713 529 1758 manus:
552 1699 622 1775 quid
635 1700 737 1758 deinde
750 1701 889 1776 loquere?
930 1701 1068 1776 Quirites,

245 1798 317 1866 lloc,
333 1804 414 1871 puto,
428 1815 486 1854 non
495 1796 610 1871 justum
624 1805 684 1865 est3
707 1798 783 1884 illud¹
794 1799 880 1872 male,
894 1801 1002 1858 rectius
1015 1799 1095 1858 illud.

244 1893 308 1950 Scis
321 1893 427 1956 etenim
436 1892 551 1967 justum
565 1894 681 1969 gemina
694 1895 869 1972 suspendere
880 1899 964 1956 lance
1162 1898 1199 1956 10
1250 1941 1254 1952 .

243 1989 391 2064 Ancipitis
404 1988 502 2056 librae3
524 1999 635 2048 rectum
649 1992 794 2066 discernis,
811 1995 861 2052 ubi
875 1995 953 2054 inter

169 2123 173 2128 -
245 2087 344 2145 Curva
357 2086 444 2158 subit,
459 2086 507 2144 vel
520 2104 610 2160 quum
624 2085 701 2146 fallit
714 2089 786 2164 pede
799 2092 900 2166 regula
913 2111 993 2164 varo,
1082 2111 1084 2116 ’

245 2185 285 2241 Et
298 2184 376 2258 potis
390 2201 420 2240 es
434 2183 549 2260 nigrum
564 2184 636 2242 vitio
650 2187 797 2262 praefigere
810 2188 901 2245 theta.

245 2282 324 2354 Quin
337 2287 372 2338 tu
384 2280 483 2357 igitur,
498 2299 612 2338 summa
626 2283 820 2355 nequicquam
833 2283 908 2358 pelle
921 2284 1048 2357 decorus,

244 2379 325 2436 Ante
338 2379 415 2436 diem
427 2379 533 2437 blando
548 2379 670 2438 caudam
681 2378 796 2453 jactare
808 2381 924 2457 popello

244 2477 370 2549 Desinis,
381 2476 540 2554 Anticyras
554 2477 657 2535 melior
670 2477 785 2535 sorbere
799 2479 949 2537 meracas⁶.l

246 2574 318 2645 Quae
332 2573 387 2631 tibi
400 2592 513 2631 summa
526 2574 596 2631 boni
608 2575 672 2633 est?
714 2575 815 2633 Uncta
826 2576 933 2648 vixisse
946 2575 1056 2652 patella

246 2669 373 2744 Semper,
390 2678 419 2726 et
432 2670 547 2728 assiduo
562 2678 665 2729 curata
679 2671 806 2730 cuticula
819 2673 886 2730 sole.

246 2768 399 2844 Exspecta,
413 2768 492 2826 haud
506 2768 586 2825 aliud
600 2768 774 2844 respondeat
787 2771 848 2826 haec
862 2789 942 2829 anus.
984 2770 1001 2826 I
1015 2789 1109 2828 nunc:

248 2864 468 2922 “Dinomaches
481 2882 534 2939 ego
548 2866 641 2937 eum,'’
652 2865 751 2931 suffla;
768 2869 857 2924 “sum
871 2866 1039 2924 candidus.”
1063 2867 1151 2937 Esto,
1163 2867 1217 2926 20*

246 2962 328 3018 Dum
341 2978 378 3017 ne
391 2960 517 3018 deterius
532 2961 626 3035 sapiat
640 2979 791 3035 pannucea
803 2963 920 3033 Baucis,

248 3057 348 3128 Quum
361 3056 433 3113 bene
446 3057 585 3116 discincto
600 3059 763 3115 cantaverit
777 3059 872 3116 ocima
885 3077 989 3116 vernae.

288 3154 332 3212 Ut
344 3169 429 3210 nemo
442 3153 475 3210 in
488 3170 549 3210 sese
562 3161 657 3212 tentat
669 3154 847 3226 descendere,
863 3173 956 3232 nemo,

249 3251 306 3309 Sed
319 3249 505 3325 precedentis
518 3257 666 3327 spectetur
680 3251 809 3309 mantica
822 3251 919 3327 tergo!

248 3347 410 3428 Quaesieris,
422 3347 537 3406 Nostin’
551 3347 668 3408 Vectidi
682 3347 811 3423 pracial
852 3353 871 3383 “
881 3347 972 3423 Cujus
979 3349 1011 3407 l’'

247 3446 338 3505 Dives
352 3454 417 3504 arat
431 3445 559 3507 Curibus
572 3453 715 3521 quantum
729 3464 787 3504 non
800 3447 906 3505 milvus
919 3449 1041 3506 oberret.

250 3545 364 3602 “Hunc
380 3546 432 3618 ais,
446 3546 525 3604 hunc
537 3545 594 3603 Dis
605 3545 695 3616 iratis,
707 3542 860 3620 Genioque
874 3546 1007 3604 sinistro!

249 3641 317 3713 Qui,
332 3643 505 3716 quandoque
513 3640 618 3718 jugum
631 3649 749 3716 pertusa
763 3641 801 3698 ad
814 3643 941 3718 compita
952 3643 1025 3718 figit,

162 3717 165 3726 Ι
250 3737 368 3796 Seriolae
380 3747 505 3797 veterem
519 3746 649 3796 metuens
662 3737 797 3795 deradere
810 3739 913 3796 limum

249 3834 383 3911 Ingemit,
395 3835 462 3893 Hoc
475 3837 548 3893 bene
561 3835 613 3892 siti
637 3835 800 3891 tunicatum
815 3853 880 3891 cum
895 3836 955 3892 salo
968 3835 1102 3891 mordens
1163 3835 1203 3890 30
