2672 4350
594 383 710 426 sartan
733 385 756 428 1.

194 514 360 574 Romulidae
373 515 473 588 saturi,
489 516 560 591 quid
573 517 621 573 dia
634 524 769 593 poemata
783 523 909 574 narrent.

196 614 257 671 Hie
270 613 385 686 aliquis,
400 613 448 670 eui
461 613 570 670 circum
584 614 719 671 humeros
733 615 924 689 hyacinthina
936 613 1012 672 lana
1024 622 1069 674 est

196 709 392 768 Rancidulum
405 709 544 783 quiddam
557 711 645 768 balba
658 712 693 768 de
707 728 778 768 nare
792 711 940 785 loquutus,

194 808 358 885 Phyllidas,
370 806 561 884 Hypsipyles,
576 816 679 866 vatum
693 817 723 866 et
736 809 876 883 plorabile
890 809 914 868 si
928 809 1007 884 quid,

195 906 327 980 Eliquat,
343 922 378 962 ao
390 911 490 962 tenero
504 904 675 982 supplantat
688 907 779 964 verba
792 905 901 983 palato.

195 1003 355 1063 Assensere
367 1002 432 1060 viri.
473 1001 561 1059 Nune
575 1021 634 1060 non
648 1002 721 1074 einis
734 1002 784 1059 ills
797 1012 889 1078 poetae
1007 1051 1009 1056 .

196 1099 303 1160 Fenxr
323 1117 382 1157 non
396 1098 488 1156 levior
501 1099 603 1175 oippus
615 1117 694 1160 nuno
708 1099 850 1176 imprimit
863 1103 949 1160 ossa?

196 1199 332 1256 Laudant
345 1197 490 1255 conviva:
513 1215 592 1255 nuno
604 1215 664 1254 non
678 1214 695 1253 o
707 1197 842 1256 manibus
855 1199 924 1272 illis,

97 1333 100 1338 ·
195 1296 284 1355 Nune
297 1313 356 1352 non
369 1313 386 1350 o
398 1295 513 1352 tumulo
526 1293 733 1369 fortunataque
747 1293 849 1354 favilla
1114 1300 1156 1359 40

196 1391 360 1450 Nascantur
372 1391 477 1449 violael
521 1391 666 1465 “Rides’'
680 1393 731 1464 ait,
748 1397 766 1427 “
775 1402 805 1448 et
818 1394 905 1450 nimis
920 1394 1002 1451 unois

196 1488 322 1547 Naribus
335 1488 476 1564 indulges,
491 1506 531 1546 an
544 1489 601 1547 erit
613 1490 664 1564 qui
677 1488 752 1548 velle
765 1498 877 1548 recuset

198 1587 239 1647 Os
253 1586 353 1663 populi
367 1586 514 1660 meruisse,
526 1595 556 1644 et
569 1588 654 1644 oedro
667 1589 754 1664 digna
766 1589 912 1662 loquutus,

197 1684 340 1758 Linquere
352 1701 407 1741 neo
420 1685 566 1742 scombros
580 1686 741 1743 metuentia
754 1686 893 1759 ommina,
907 1703 962 1745 nee
974 1687 1045 1746 thus
1052 1687 1085 1745 l’'

237 1780 376 1855 Quisquis
388 1798 428 1852 es,
439 1780 477 1854 Ο,
489 1781 576 1840 modo
588 1799 677 1856 quem
689 1801 728 1840 ex
740 1783 861 1842 adverso
874 1783 969 1842 dicere
981 1783 1046 1855 feei,

196 1877 266 1938 Non
279 1895 341 1954 ego,
357 1895 448 1952 quum
462 1878 564 1953 seribo,
579 1879 604 1936 si
617 1877 693 1938 forts
706 1880 777 1955 quid
790 1881 887 1956 aptius
900 1861 971 1955 eicit,
1012 1923 1015 1930 .

197 1977 384 2050 Quamquam
397 1977 460 2034 haee
472 1995 541 2034 rara
553 1976 616 2034 avis
630 1983 682 2049 est,
698 1979 723 2036 si
736 1978 808 2051 quid
821 1985 919 2036 tamen
933 1980 1030 2054 aptius
1043 1981 1114 2052 exit,

196 2073 327 2132 Laudari
339 2080 485 2133 metuam:
508 2092 601 2147 neque
615 2075 692 2131 enim
706 2076 779 2132 mihi
793 2093 898 2134 cornea
910 2077 984 2134 fibra
997 2086 1056 2135 est:

197 2173 256 2232 Sed
268 2173 341 2232 reoli
355 2175 500 2247 finemque
512 2180 734 2245 extremumque
747 2190 807 2230 esse
820 2191 920 2232 meuse
1009 2251 1011 2256 Ι

198 2274 276 2348 Eupo
289 2279 375 2331 tuum
389 2279 419 2328 et
431 2271 505 2329 belle.
545 2270 625 2329 Nam
638 2269 714 2328 belle
727 2271 784 2328 hoo
797 2277 900 2328 excute
913 2277 1024 2328 totum:
1116 2273 1156 2331 50

197 2368 277 2443 Quid
290 2387 349 2426 non
361 2370 442 2427 intus
453 2367 562 2426 habet?
603 2366 673 2425 Non
686 2367 735 2424 hie
748 2375 791 2424 est
804 2365 877 2424 Ilias
889 2367 965 2424 Aoni

197 2466 289 2526 Ebria
302 2467 438 2524 veratro?
459 2483 527 2538 non,
542 2464 568 2522 si
581 2481 641 2539 qua
653 2464 776 2540 elegidia
789 2464 871 2523 erudi

197 2564 356 2622 Diotarnnt
368 2563 521 2640 praeeras?
542 2580 611 2636 non,
625 2561 763 2638 quicquid
777 2561 901 2636 denique
913 2562 995 2620 laetis

197 2663 342 2720 Scribitur
355 2663 386 2719 in
399 2662 517 2720 uitreis?
559 2660 697 2720 Calidum
712 2661 768 2720 scis
780 2679 885 2735 ponere
898 2679 1010 2736 sumen,

197 2759 262 2817 Seis
275 2759 410 2816 comitem
423 2756 606 2816 horridulum
621 2759 692 2815 trita
705 2757 813 2815 donare
826 2757 952 2830 laoema,

196 2854 247 2928 Et,
258 2856 379 2926 Verum,
392 2854 500 2928 inquis,
513 2871 599 2920 amo;
620 2871 723 2920 verum
735 2853 810 2911 mihi
823 2853 910 2912 dieite
923 2853 958 2911 de
971 2872 1027 2912 me.

197 2951 258 3023 Qui
270 2935 360 3027 petel
401 2951 456 3008 Vis
468 2949 586 3008 dieaml
607 2950 733 3025 nugaris,
749 2967 840 3023 quum
853 2950 918 3020 tibi,
934 2949 1025 3023 calve,

196 3047 319 3124 Pinguis
332 3045 513 3120 aqualiculus
525 3052 662 3120 protenso
675 3045 843 3120 sesquipede
856 3051 946 3102 extet.

196 3144 224 3203 Ο
238 3145 261 3203 J
261 3161 324 3216 ane,
338 3160 358 3199 a
369 3149 452 3217 tergo
465 3159 552 3216 quem
566 3138 649 3199 nulla
662 3140 776 3199 moenia
789 3141 889 3216 pinsit,

195 3240 260 3299 Neo
272 3257 377 3298 manus
389 3238 536 3298 auriculas
549 3239 659 3298 imitari
676 3239 791 3297 mobilia
804 3237 895 3311 albas,
1117 3243 1156 3301 60

195 3337 260 3395 Neo
272 3338 388 3414 lingua,
403 3345 547 3412 quantum
560 3336 642 3394 sitiat
655 3336 736 3395 oanis
749 3335 879 3412 Appula,
893 3337 1024 3396 tantum!

195 3435 267 3508 Vos,
283 3454 301 3493 ο
314 3436 453 3511 patricius
465 3434 591 3513 sanguis,
606 3453 680 3510 quos
694 3434 791 3493 vivere
803 3433 848 3494 fas
861 3445 905 3496 ast

197 3532 323 3608 Oooipiti
337 3551 422 3606 caco,
436 3535 555 3610 posticae
568 3533 711 3594 ooourrite
724 3536 837 3592 sannae!

237 3627 312 3702 Quis
324 3630 425 3707 populi
438 3648 533 3690 sermo
546 3632 611 3691 est!
633 3632 699 3706 quis
712 3632 798 3703 enim,
812 3632 869 3690 nisi
883 3634 1016 3692 earmina
1027 3631 1109 3690 molli

196 3723 285 3784 Nune
298 3726 414 3784 demum
427 3746 547 3787 numero
561 3729 658 3800 fluere,
675 3735 709 3784 ut
723 3723 850 3803 perleve
864 3747 978 3788 severos

196 3821 339 3881 Effundat
347 3821 489 3897 junetura
501 3827 632 3900 ungues?
654 3825 711 3882 soit
723 3823 841 3881 tendere
855 3842 970 3882 versum
