2672 4350
622 277 739 320 samus
761 277 811 320 111.

239 407 306 467 Aut
319 409 422 486 positis
435 427 586 470 nemorosa
599 411 675 468 inter
683 409 757 486 juga
767 409 916 482 Volsiniis,
932 424 985 469 aut

240 506 432 582 simplicibus
424 507 556 620 (ἕλξω,
573 514 625 566 aut
638 508 722 582 proni
736 508 854 565 Tiburis
867 509 954 566 arcet

239 602 302 660 Nes
316 605 417 660 urbem
424 587 552 660 colimus
566 603 647 660 tenui
662 603 779 661 tibicine
792 601 896 662 fultam

239 702 352 776 Magna
365 709 448 776 parte
461 700 515 756 sui
556 699 671 776 Narn'
648 717 691 760 sic
704 700 867 759 labentibus
881 703 978 759 obstat

170 799 171 802 ’
240 799 373 870 villicus,
385 807 423 869 et,
435 797 540 854 veteris
552 796 633 856 rimae
648 813 739 869 quum
753 799 828 854 texit
841 798 964 871 hiatum,

239 896 362 953 Securos
374 895 516 969 pendente
525 892 610 968 jubet
623 895 748 951 dormire
760 896 853 952 ruina

238 991 405 1049 Vivendum
418 998 463 1047 est
476 990 545 1062 illic,
560 991 612 1047 ubi
625 991 706 1047 nulla
719 992 861 1064 incendia,
875 994 948 1050 nulli

238 1087 332 1146 Nocte
345 1095 449 1145 metus.
491 1089 513 1145 J
513 1103 561 1144 am
575 1088 668 1163 poscit
681 1106 797 1161 aquam,
807 1089 871 1162 jam
883 1088 990 1147 frivola
1002 1090 1138 1149 transfert

184 1203 188 1206 ·
239 1185 405 1260 Ucaleg0n3
427 1185 562 1241 tabulata
576 1182 653 1241 tibi
640 1203 705 1258 Jam
718 1187 805 1242 tertia
818 1183 949 1253 fumant·
1136 1183 1194 1246 180

237 1283 286 1338 Tu
298 1281 405 1340 nescis:
428 1299 497 1338 nam
512 1299 536 1337 sr
527 1281 688 1356 gradibus
702 1281 865 1355 trepidatur
877 1283 937 1339 ab
928 1283 1002 1356 nnis,

237 1377 371 1436 Ultimus
383 1377 505 1449 ardebit,
522 1378 721 1452 quem-tegula
735 1379 798 1434 sola
810 1386 910 1434 tuetur

236 1474 269 1530 A
280 1474 390 1549 pluvia,
405 1474 506 1531 molles
521 1475 572 1531 ubi
585 1471 711 1530 reddunt
724 1479 781 1530 ova
795 1473 942 1532 columbae.

236 1571 343 1628 Lectus
355 1578 419 1627 erat
435 1571 531 1630 Codro
545 1571 672 1629 Procula
686 1571 790 1642 minor,
808 1571 914 1629 urceoli
929 1590 989 1645 sex,

237 1667 449 1727 Ornamentum
464 1669 563 1734 abaci3
587 1685 713 1725 necnon
727 1675 755 1724 et
768 1667 906 1742 parvulus
919 1667 997 1725 infra

237 1766 411 1838 cantharus,
427 1775 457 1824 et
470 1768 611 1824 recubans
624 1770 678 1824 sub
690 1767 791 1824 eodem
805 1771 948 1826 marmore
962 1769 1090 1838 Chirom

154 1883 157 1889 ·
235 1865 362 1938 Jamque
375 1871 459 1921 vetus
474 1863 594 1922 Graecos
607 1865 740 1920 servabat
754 1865 827 1922 cista
838 1865 960 1937 libellos,

235 1960 278 2017 Et
291 1960 391 2018 divina
405 1961 491 2036 opicr
472 1925 637 2018 'iodbbant
650 1960 782 2018 carmina
794 1979 898 2021 mures.

234 2057 288 2118 Nil
301 2057 404 2115 habuit
418 2057 548 2116 Codrus:
571 2057 637 2130 quis
650 2057 727 2114 enim
739 2059 848 2133 negati
870 2066 900 2115 et
912 2065 1011 2118 tamen
1024 2060 1097 2130 illud

234 2155 367 2212 Perdidit
379 2151 483 2212 infelix
495 2162 591 2211 totum
604 2153 694 2210 nihil:
712 2153 832 2211 ultimus
845 2163 943 2212 autern
1134 2159 1192 2222 190

157 2269 165 2276 ‘
234 2252 386 2310 AErumnae
399 2253 548 2324 cumulus,¹
559 2251 638 2325 quod
650 2251 762 2309 nudum
776 2259 805 2308 et
817 2249 925 2309 frustra
937 2260 1087 2330 rogantem

234 2349 329 2407 Nemo
343 2350 417 2422 cibo,
430 2367 517 2406 nemo
530 2349 658 2424 hospitio
670 2351 805 2422 tectoque
813 2346 940 2422 jurabit.

234 2446 268 2506 si
281 2464 387 2522 magna
401 2445 519 2503 Asturii
534 2445 637 2503 cecidit
650 2445 763 2518 domus,
775 2446 896 2504 horrida
907 2453 1012 2518 mater,

233 2543 344 2602 Pullati
357 2547 496 2619 proceres,
513 2541 611 2599 differt
625 2542 792 2600 uadimonia
804 2551 927 2616 praetor3

233 2641 319 2708 Tunc
330 2641 461 2716 geminus
474 2656 556 2698 casus
571 2640 659 2710 urbis,
675 2639 873 2696 tuuc'odimus
886 2641 991 2714 ignem.

233 2737 329 2794 Ardet
342 2736 447 2809 adhuc,
462 2742 491 2793 et
500 2735 564 2810 jam
579 2737 705 2794 accurrit
718 2736 769 2809 qui
782 2753 929 2794 marmora
941 2737 1038 2809 donet,
1121 2770 1124 2777 ·

234 2831 373 2913 Conferat
386 2833 552 2909 impensas:
574 2833 625 2895 hie
637 2832 716 2890 nuda
729 2835 759 2889 et
773 2833 896 2890 eandida
908 2833 998 2908 signa,
1106 2853 1111 2862 ·

215 2930 294 2988 'Hie
306 2930 420 3004 aliquid
433 2930 606 3004 praeclarum
620 2929 821 3005 Euphranoris
834 2937 863 2986 et
875 2929 1029 3004 Polycleti,

233 3027 294 3086 Hic
306 3027 488 3086 Asianorum
501 3035 601 3085 vetera
614 3033 785 3084 ornamenta
797 3025 926 3095 deorum,

232 3124 293 3181 Hie
305 3124 394 3182 libros
408 3123 489 3181 dabit
503 3131 532 3179 et
545 3121 653 3180 forulos
666 3120 848 3194 mediamque
861 3120 1036 3194 Minervam,
1129 3126 1189 3185 200

232 3220 292 3278 Hic
304 3220 435 3278 modium
448 3220 575 3294 argenti:
597 3219 718 3277 meliora
734 3216 1000 3292 et‘plura'reponit'

231 3317 374 3390 Persicus,
390 3317 526 3375 orborum
539 3315 721 3374 lautissimus
729 3321 760 3372 et
770 3315 875 3372 merito
883 3312 948 3388 jam
1062 3338 1066 3344 ¹
1132 3341 1135 3348 ·

232 3415 396 3490 Suspectus,
411 3421 553 3486 tanquam
565 3412 627 3488 ipse
640 3429 707 3470 suas
719 3411 879 3470 incenderit
892 3411 975 3470 ades.

132 3533 134 3536 ·
231 3511 265 3570 Si
277 3518 359 3586 potes
373 3509 460 3569 avelli
473 3508 665 3580 Circensibus,
682 3509 792 3583 optima
806 3509 886 3567 Sorae

231 3607 297 3664 Aut
309 3605 488 3666 Fabrateria
501 3605 605 3663 domus
618 3609 671 3662 aut
685 3604 848 3662 Frusinone
860 3610 990 3679 paratur,

231 3704 342 3776 Quanti
357 3721 435 3762 nunc
446 3703 580 3761 wnebras
592 3719 685 3757 unum
699 3700 833 3757 conducis
848 3701 879 3756 in
893 3717 1038 3771 annum-,uv

881 3856 917 3941 't
