2672 4350
183 334 230 392 72
493 351 523 391 o.
539 351 628 392 suum
650 351 828 392 uuvnulurs

182 481 281 554 Quum
296 481 334 538 sit
349 481 432 539 triste
444 481 548 538 habitu
545 481 703 588 vultuque
716 487 745 536 et
758 488 839 537 veste
851 496 992 536 severum.

181 577 244 634 Nec
257 576 343 633 dubie
358 585 497 648 tanquam
510 543 587 651 pugi
570 547 738 632 ⁷laudatur
751 591 857 632 avarus

181 675 334 747 Tanquam
348 689 454 748 parcus
468 673 563 743 homo,
580 679 610 728 et
622 689 720 728 rerum
734 670 809 728 tutel
842 688 961 728 suarum

183 770 272 830 Certa
285 770 386 846 magis,
401 786 491 842 quam
505 770 529 826 si
543 767 674 827 fortunas
688 775 781 826 servet
798 767 912 824 easdem

182 867 377 943 Hesperidum
390 883 507 942 serpens
521 872 572 924 aut
589 867 738 924 Ponticus.
781 865 868 922 Adde
882 864 960 937 quod
973 861 1060 936 hunc,
1078 862 1115 920 de

183 966 250 1037 Quo
262 965 374 1040 loquor,
388 965 535 1041 egregium
548 963 674 1040 populus
686 970 771 1039 putat
784 962 950 1036 acquirendi

182 1062 351 1120 Artificem:
375 1063 483 1138 quippe
496 1062 543 1118 his
557 1069 690 1119 crescunt
703 1060 879 1136 patrimonia
893 1058 993 1118 fabris!
1073 1133 1078 1143 .

182 1159 239 1217 Sed
254 1167 384 1218 crescunt
398 1176 570 1233 quocunque
583 1158 669 1216 modo
683 1156 850 1238 majoraque
864 1157 938 1214 liunt

182 1257 290 1314 Iucude
303 1256 418 1316 assidua
429 1275 596 1334 semperque
609 1256 729 1314 ardente
742 1255 866 1313 camino.
1080 1252 1137 1310 110

182 1354 222 1412 Et
235 1362 318 1428 pater
331 1372 399 1430 ergo
413 1355 503 1413 animi
517 1353 613 1412 felices
626 1354 718 1412 credit
731 1371 844 1426 avaros,

182 1452 242 1524 Qui
257 1452 380 1510 miratur
393 1469 470 1528 opes,
486 1453 537 1526 qui
550 1453 633 1510 nulla
646 1451 780 1527 exempla
792 1451 871 1508 beati

181 1550 323 1626 Pauperis
335 1568 397 1608 esse
410 1557 512 1626 putat:
530 1548 654 1623 juvenes
667 1547 810 1621 hortatur,
825 1555 859 1606 ut
872 1548 954 1606 illam

181 1647 229 1705 Ire
242 1648 319 1706 viam
332 1655 462 1723 pergant,
479 1655 508 1704 et
521 1647 614 1704 eidem
628 1648 794 1704 incumbere
806 1655 900 1702 sectae.

182 1746 257 1824 Sunt
272 1746 404 1818 quaedam
417 1744 555 1802 vitiorum
568 1744 725 1802 elementa:
748 1745 792 1805 his
806 1744 938 1818 protinus
950 1743 1016 1802 illos

155 1889 169 1917 ι,
182 1843 291 1898 Imbuit
305 1850 333 1900 et
347 1841 424 1917 cogit
438 1840 572 1898 minimas
587 1841 711 1900 ediscere
725 1841 831 1900 sordes.

180 1940 254 1995 Mox
268 1937 435 2013 acquirendi
448 1939 531 1998 docet
544 1938 708 1996 insatiabile
721 1947 833 1998 votum.

181 2038 336 2096 Servorum
349 2043 464 2095 ventres
477 2019 574 2094 modio
588 2037 736 2114 castigat*
726 2039 836 2114 iniquo,
890 2031 900 2104 ,Γ

181 2135 247 2210 Ipse
260 2151 375 2209 quoque
388 2135 532 2194 esuriens·
550 2152 643 2210 neque
657 2136 735 2194 enim
749 2136 850 2194 omnia
860 2110 982 2196 sustinet
996 2153 1127 2212 uuquam

181 2233 303 2293 Mucida
318 2233 431 2292 caerulei
444 2234 527 2309 panis
541 2251 708 2292 consumere
720 2233 823 2305 frusta,
1078 2235 1136 2292 120

181 2329 360 2388 Hesternum
373 2331 584 2389 solitusmedio
598 2348 712 2388 servare
724 2311 851 2388 minmal
1010 2318 1017 2334 ’

182 2428 353 2502 Septembri,
368 2445 492 2485 necnon
506 2427 621 2484 differre
634 2428 665 2485 iu
679 2436 810 2503 tempora
823 2447 914 2486 coenae

181 2524 315 2581 Alterius
328 2524 466 2582 conchem
480 2523 575 2580 aestivi
589 2541 657 2580 cum
670 2530 753 2598 parte
765 2525 866 2583 lacerti

182 2621 342 2695 Signatum,
357 2621 404 2677 vel
417 2611 540 2678 «timido
553 2621 691 2696 putrique
705 2621 805 2696 siluro,

182 2718 304 2792 Filaque
318 2717 418 2776 sectivi
431 2725 584 2776 numerata
595 2718 744 2778 includere
757 2721 843 2796 porri.
860 2717 880 2804 ,h

181 2816 328 2874 Invitatus
341 2815 379 2874 ad
391 2817 454 2872 haec
467 2815 572 2890 aliquis
585 2816 621 2873 de
634 2825 722 2892 ponte
735 2821 861 2896 negabit.

182 2914 240 2973 Sed
254 2929 312 2988 quo
325 2912 442 2971 divitias
455 2914 518 2972 haeo
531 2933 582 2988 per
596 2921 742 2974 tormenta
754 2926 877 2990 coactas,

182 3014 283 3085 Quum
296 3011 377 3069 furor
391 3011 469 3070 haud
483 3011 596 3083 dubius,
612 3029 705 3086 quum
718 3014 756 3072 sit
769 3013 923 3076 manifesta
935 3015 1089 3093 phrenesis,

182 3110 227 3168 Ut
239 3109 367 3186 locuples
381 3109 524 3181 moriaris,
538 3110 649 3186 egentis
662 3111 760 3170 uivere
772 3109 854 3171 fatui

182 3208 298 3264 Interea
311 3207 396 3283 plenu
409 3223 500 3283 quum
512 3214 611 3283 turget
623 3209 755 3268 sacculus
768 3228 827 3282 ore,
1078 3209 1136 3267 130

183 3303 296 3364 Crescit
309 3321 392 3362 amor
404 3304 526 3377 nummi,
542 3312 685 3380 quantum
698 3306 764 3382 ipsa
775 3306 899 3381 pecunia
910 3306 1020 3373 merite

182 3402 224 3460 Et
236 3400 332 3458 minus
343 3399 421 3458 hanc
434 3409 517 3478 optat
530 3402 582 3475 qui
593 3419 654 3460 non
667 3401 765 3478 habet.
806 3403 887 3478 Ergo
897 3407 1021 3478 pmatm

182 3496 289 3556 Altera
301 3494 374 3554 villa
386 3496 450 3570 tibi,
465 3515 555 3572 quum
567 3513 618 3556 rus
631 3514 691 3556 non
704 3497 809 3556 suffieit
823 3515 922 3570 umun,

183 3593 224 3651 Et
236 3589 363 3668 proferre
375 3592 446 3652 libet
457 3593 538 3664 lines,
553 3590 703 3666 majorque
715 3594 830 3652 videtur

183 3689 224 3749 Et
237 3690 339 3750 melior
351 3689 448 3749 vicina
459 3707 557 3766 seges:
579 3690 715 3748 merearis
727 3697 758 3748 et
770 3691 846 3748 hanc
858 3698 889 3750 et
925 3751 933 3768 ,

184 3787 316 3846 Arbusta
329 3793 359 3844 et
371 3787 461 3846 densa
473 3794 602 3844 montem
615 3787 666 3860 qui
679 3794 765 3846 canet
779 3789 864 3848 oliva·
