2654 4348
565 401 680 444 sarm
701 399 775 443 vul.

195 532 353 593 Credamus
366 535 481 607 tunicae,
496 535 532 592 de
544 531 677 592 fadeibus
690 553 778 602 aurea
791 535 887 608 quum'
896 551 927 592 se

194 631 331 706 Porrigat
344 637 374 688 et
386 633 473 707 longo
481 630 610 706 jactetur
623 632 701 707 spira
713 632 819 707 galero.
842 637 846 642 '

176 756 178 760 .
194 725 273 802 Ergo
286 727 477 802 ignominiam
490 727 651 804 maiorem
665 729 785 803 pertulit
799 729 879 784 omni

194 824 322 881 Vulnere
336 843 402 882 cum
417 824 554 884 Graccho
561 823 660 900 jussus
674 841 803 901 pugnare
817 832 963 899 sequutor.

236 921 341 980 Libera
353 924 379 980 si
391 923 496 980 dentur
508 922 618 998 populo
630 922 779 1014 suffqugia,
794 924 861 996 quis
873 931 936 982 tam

195 1020 340 1092 Perditus,
355 1026 390 1076 ut
402 1019 515 1076 dubitet
529 1019 668 1078 Senecam
681 1017 815 1095 praferre
828 1020 956 1090 Neroni;

156 1165 158 1168 .
196 1115 288 1190 Cujus
301 1116 445 1192 supplicio
457 1133 516 1173 nou
530 1115 631 1173 debuit
645 1135 705 1174 una
717 1118 815 1192 parari

195 1215 298 1287 Simia,
313 1232 367 1272 nec
380 1231 497 1288 serpeus
511 1231 593 1284 unus,
610 1231 664 1272 neo
676 1215 776 1273 culeus
788 1217 883 1274 onus!

195 1313 256 1370 Par
268 1311 527 1388 Agamemnonidae
541 1311 668 1379 crimen;
690 1311 739 1369 sed
753 1330 842 1370 causa
853 1313 925 1372 facit
936 1331 999 1372 rem
1093 1319 1106 1340 ⁹

196 1409 380 1468 Dissimilem.
423 1408 541 1484 Quippe
554 1409 603 1465 ille
619 1409 690 1465 Deis
705 1409 872 1467 auctoribus
885 1411 964 1468 ultor

196 1507 295 1564 Patris
307 1513 370 1564 erat
383 1507 449 1564 coesi
464 1506 559 1563 media
573 1507 651 1562 inter
664 1505 785 1582 pocula:
808 1505 857 1564 sed
872 1523 924 1564 nco

196 1603 320 1664 Electrae
329 1603 434 1682 jugulo
447 1621 478 1662 se
493 1603 599 1680 polluit
612 1612 665 1662 aut
679 1603 818 1679 Spartani

71 1721 79 1774 ²,
120 1756 127 1797 Ι
197 1702 343 1779 Sanguine
357 1699 500 1777 conjugii;
522 1700 612 1759 nullis
626 1701 741 1759 aconita
754 1701 925 1776 propinquis

116 1793 167 1881 [Ψ
177 1789 326 1872 Maeuii,
342 1800 373 1856 in
387 1817 472 1860 scena
485 1817 634 1873 nunquam
648 1799 781 1856 cantavit
795 1799 921 1871 Orestes,

70 1879 73 1894 ¹
197 1897 304 1955 Troica
315 1915 355 1954 no
403 1897 511 1971 cripsit.
553 1895 633 1969 Quid
646 1895 725 1954 enim
735 1872 893 1970 Verginius
907 1896 995 1954 armis

197 1957 310 2050 Debbii
323 1994 354 2070 ul
410 1963 424 2048 i
436 1991 538 2072 magis,
553 1999 606 2049 aut
619 2011 686 2050 oum
695 1993 820 2057 Vindice
834 1995 939 2083 (ἑὼ,

71 2121 78 2136 ι
199 2089 286 2162 Quod
298 2061 378 2176 Nddo
387 2069 539 2166 taru'sadvd
553 2054 702 2162 odidabue
714 2089 866 2164 tyrannide
879 2087 968 2146 fecitl

4 2193 5 2200 ’
198 2187 273 2245 Haeo
285 2205 375 2261 opera
387 2193 476 2259 atque
490 2185 537 2242 hee
550 2191 617 2242 suut
631 2185 760 2260 generosi
775 2185 919 2259 Principis
932 2193 1017 2258 artes,

199 2286 363 2345 Gaudentis
377 2284 456 2341 ioedo
469 2282 622 2394 Piiilp'fiffa
635 2282 673 2340 ad
685 2282 799 2358 pulpita
813 2290 902 2340 cantu

198 2383 347 2455 Pmstitui,
364 2357 636 2456 Graiaeqoelabrudl
650 2381 788 2438 meruisse
801 2397 923 2439 corona.

199 2479 345 2554 Majorum
360 2480 467 2556 effigies
479 2479 607 2538 habeant
620 2478 747 2553 insignia
761 2478 853 2536 vocis:

199 2563 280 2635 Ante
347 2596 377 2636 es
389 2577 506 2635 Domiti
521 2551 642 2651 longdm
656 2583 690 2632 tu
703 2593 779 2650 pone
792 2575 927 2652 Thyestae

200 2673 223 2732 S
317 2675 365 2733 vel
377 2673 551 2749 Antigones,
566 2690 617 2730 seu
631 2689 784 2748 personam
797 2673 989 2750 Menalippes,

199 2770 241 2828 Et
254 2771 290 2828 de
302 2765 467 2828 marmoreo
476 2770 620 2828 citharam
636 2771 777 2844 suspende
789 2770 907 2829 colosso.

128 2913 131 2920 .
200 2867 288 2941 Quid,
301 2867 438 2940 Catilina,
453 2867 514 2925 tuis
527 2867 674 2924 natalibus
689 2875 776 2940 atque
791 2867 911 2944 Cethegi

199 2965 332 3024 Inveniet
345 2966 500 3039 quisquam
513 2964 687 3022 sublimius?
728 2964 824 3022 Arma
837 2972 935 3022 tamen
948 2983 1000 3024 vos

199 3061 353 3120 Nocturna
366 3067 395 3118 et
408 3062 541 3120 flammas
553 3063 686 3119 domibus
698 3062 871 3136 templisque
883 3060 1018 3136 parastis,

200 3159 245 3218 Ut
256 3153 466 3218 Braccatorum
479 3159 562 3235 pueri
577 3159 782 3232 Senonumque
795 3155 993 3226 minores(
999 3154 1005 3158 ’

199 3256 286 3330 Ausi,
301 3257 378 3331 quod
391 3256 478 3314 liceat
492 3257 592 3328 tunica
605 3256 709 3336 punire
722 3254 853 3312 molesta.

201 3352 259 3412 Sed
271 3355 374 3430 vigilat
388 3353 490 3411 consul
503 3341 668 3428 'vexillaque
681 3359 780 3429 vestra
793 3361 912 3411 coercet.

201 3451 261 3510 Hic
273 3469 366 3512 novus
377 3451 517 3526 Arpinas,
533 3451 667 3527 ignobilis
682 3459 711 3508 et
725 3451 812 3509 modo
825 3451 927 3508 Roma

200 3548 389 3626 Municipalis
401 3565 496 3622 eques,
508 3547 656 3624 galeatum
670 3549 753 3622 ponit
766 3547 875 3621 ubique

200 3645 373 3704 Praesidium
386 3645 529 3718 attonitis,
543 3653 573 3702 et
586 3645 619 3701 in
633 3643 712 3701 omni
725 3649 825 3701 monte
836 3645 960 3702 laborat.

201 3741 332 3800 Tantum
344 3718 546 3852 igitnrQuuros
558 3727 721 3894 iqplraltopu
733 3709 857 3797 condidit
868 3742 912 3798 illi

197 3835 337 3926 Nominis
350 3845 380 3896 et
393 3838 481 3911 tituli,
493 3855 575 3912 quan
610 3853 641 3893 m
653 3854 713 3894 uon
726 3836 868 3907 leucade,
884 3843 1027 3908 quantum
