2654 4348
187 319 226 379 14
492 336 523 378 u.
543 337 631 379 suuu
654 337 832 380 iuvenilis

184 468 256 541 Ede,
270 469 321 527 ubi
335 468 483 540 consistas,
497 468 530 524 in
544 487 603 541 qna
615 475 646 526 te
659 485 758 542 qnaero
770 453 954 544 proseuoharff
966 499 967 504 κ

183 566 288 623 Dicere
301 567 326 622 si
339 574 431 623 tentes
445 564 566 638 aliquid,
580 565 722 623 tacitusve
735 564 860 636 recedas,

184 660 367 718 Tantundem
382 668 425 718 est
433 682 442 727 ;
463 658 571 716 feriunt
584 660 710 736 periton
730 659 898 720 vadimonia
910 659 1012 719 deinde

184 757 258 814 Irati
272 755 393 814 faciunt.
434 756 568 814 Libertas
582 757 716 832 pauperie
730 757 792 814 haec
804 765 865 814 eet:
1079 756 1140 816 280

183 855 321 913 Pulsatus
335 861 428 929 rogat,
443 862 473 911 et
485 855 591 931 pugnis
603 855 732 936 concisus
745 854 857 928 adorat,

184 953 229 1010 Ut
242 953 329 1011 liceat
341 953 442 1028 paucis
455 969 523 1009 cum
536 952 670 1010 dentibus
685 952 752 1008 inde
764 952 879 1010 reverti.

224 1049 288 1107 Nec
300 1056 400 1106 tamen
413 1049 476 1106 haec
488 1057 604 1108 tantum
617 1058 749 1107 metuas:
771 1068 841 1106 narn
855 1050 906 1122 qui
920 1047 1025 1126 spoliet
1036 1055 1067 1107 tc

80 1220 84 1228 ι
183 1146 253 1228 Non
266 1146 364 1218 deerit,
379 1146 484 1204 clausis
498 1147 640 1218 domibus,
655 1154 810 1222 postquam
824 1147 918 1205 omnis
932 1148 1040 1221 ubique

184 1245 262 1302 Fixa
274 1250 415 1302 catenatae
428 1243 511 1302 siluit
524 1261 667 1320 compago
680 1245 816 1302 taberna.
867 1303 872 1313 ,

184 1341 334 1400 interdum
348 1349 377 1398 ct
389 1339 466 1398 ferro
479 1342 593 1399 subitus
605 1350 752 1416 grassator
764 1343 825 1417 agit
838 1360 909 1416 rem,

183 1439 310 1496 Armato
323 1439 435 1512 quoties
447 1445 522 1496 tutae
536 1439 653 1496 custode
668 1445 804 1496 tenentur

183 1534 225 1591 Et
238 1535 378 1592 Pomtina
390 1534 476 1609 palus
489 1541 519 1592 et
532 1533 699 1593 Gallinaria
711 1535 805 1610 pinus

184 1632 234 1690 Sic
246 1632 313 1690 inde
325 1633 384 1690 buc
397 1649 497 1690 omnes
510 1639 651 1704 tanquam
665 1632 703 1688 ad
716 1632 830 1690 vivaria
845 1639 976 1691 currunt.

184 1728 253 1799 Qua
265 1726 381 1786 fornace
393 1745 504 1804 graves,
518 1744 579 1801 qua
592 1745 651 1784 non
665 1727 778 1800 incude,
792 1730 923 1786 catenat
1078 1727 1139 1788 290

184 1825 355 1880 Maximus
346 1843 378 1880 m
392 1823 497 1881 vinclis
510 1822 579 1880 fem·
591 1823 703 1895 modus,
720 1824 878 1897 netimeas,
892 1842 930 1882 ne
1016 1847 1017 1852 ¹

182 1921 293 2018 Vompr
305 1919 559 2074 (1611018ιῇ
495 1937 599 1978 marrae
613 1929 642 1976 et
655 1918 794 2036 sprcula
784 1920 885 1981 deemt.

183 2017 295 2074 Felices
308 2035 417 2118 proavo
496 1991 606 2088 atavos,
618 2014 717 2074 felicia
729 1993 808 2074 diode

184 2095 297 2186 Sectile,
312 2132 377 2189 quae
391 2113 539 2190 quondam
553 2115 607 2172 sub
620 2113 736 2190 regibus
752 2121 839 2188 atque
852 2113 976 2172 tribunis

182 2189 329 2267 Viderunt
343 2227 403 2272 uno
417 2217 583 2269 contentam
596 2227 709 2268 carcere
723 2212 857 2268 Romam

224 2307 282 2366 His
294 2307 367 2366 aliae
379 2315 511 2384 poteram
525 2315 555 2364 et
567 2307 664 2381 plures
679 2307 845 2364 subnectere
858 2323 977 2366 musae.

184 2403 242 2464 Sed
250 2401 386 2476 jumenta
398 2412 514 2475 vocant,
530 2410 559 2459 et
572 2403 615 2460 sol
624 2402 768 2469 inclinat3
790 2402 917 2461 eundum
930 2411 984 2464 est.
997 2343 1097 2466 peda

182 2499 261 2558 Nam
274 2499 348 2558 mihi
361 2508 506 2558 commota
513 2497 577 2572 jam
591 2498 701 2555 dudum
714 2498 847 2556 mulio
819 2517 904 2576 virga

184 2596 293 2654 Innuit.
335 2595 414 2671 Ergo
426 2596 493 2653 vale
507 2593 598 2708 noptri
609 2611 720 2652 memor
745 2602 774 2653 et
787 2595 899 2708 quoties
912 2603 942 2653 te

183 2671 280 2750 Roma
292 2699 344 2750 tuo
356 2692 435 2749 refici
449 2697 650 2767 properantem
664 2635 763 2748 reddet
776 2657 906 2765 Aquino,
1076 2696 1136 2756 300

183 2789 234 2846 Me
248 2805 379 2864 quoque
375 2787 415 2846 ad
428 2786 586 2845 Helvinam
601 2785 736 2844 Cererem
749 2795 931 2862 vestramque
945 2789 1074 2850 Dianam

31 2877 35 2886 ¹
65 2873 67 2878 ⁵
185 2883 328 2944 Converte
341 2902 359 2940 a
374 2883 485 2943 Cumis.
526 2883 688 2942 Satirarum
702 2899 763 2958 ego,
779 2903 810 2942 m
801 2884 912 2959 pudet
924 2886 1000 2960 illae,

183 2979 313 3056 Adjutor
326 2979 434 3058 gelidos
446 2978 563 3054 veniam
575 2976 717 3054 caligatus
729 2978 760 3038 in
774 2980 886 3058 agroe.”
