2672 4350
581 372 698 414 ss‘rutt
720 373 788 415 xlv.

206 502 243 560 Iu
256 502 391 561 manibus
403 502 489 570 vultu
501 502 700 562 Eumenidum
714 510 840 563 terretur
854 510 884 560 et
897 503 967 579 igni,

206 599 267 656 Hic
279 600 354 658 bove
367 617 499 674 percusso
513 600 625 674 mugire
638 599 965 675 Agamemnonaeredit

206 695 272 754 Ant
284 696 429 760 Ithacum.
473 699 583 768 Pareat
597 697 702 762 tunicis
715 697 785 757 licet
798 705 886 774 atque
899 697 1031 767 lacernis,

207 794 360 868 curatoris
373 801 437 870 eget
451 793 503 867 qni
516 812 621 852 navem
634 795 778 858 mercibus
792 793 894 870 implet
1107 797 1166 856 280
1203 778 1210 792 ’

206 892 259 950 Ad
271 909 417 950 summum
430 892 518 963 latus,
533 898 563 948 et
576 890 677 948 tabula
693 891 884 967 distinguitur
896 893 985 968 unda,

208 990 307 1062 Quum
320 987 358 1047 sit
371 1005 460 1046 causa
471 987 543 1046 mali
557 987 633 1046 tanti
647 995 676 1045 et
691 987 864 1052 discriminis
876 991 964 1067 hujus

208 1087 366 1146 Concisnm
379 1092 531 1162 argentum
544 1085 576 1142 in
590 1085 692 1144 titulos
706 1084 851 1162 faciesque
864 1091 1001 1148 minutas.

209 1185 374 1246 Occurrunt
387 1186 479 1242 nubes
491 1191 522 1242 et
534 1181 667 1258 fulgure:
689 1186 818 1245 “solvite
831 1185 957 1261 funem,'’

208 1281 361 1340 Frumenti
374 1281 508 1338 dominus
522 1279 630 1347 clamat
644 1281 809 1356 piperisque
822 1285 942 1352 coemti3

210 1379 290 1436 “Nil
303 1379 382 1436 color
395 1378 443 1436 hic
456 1377 533 1451 coeli,
546 1377 596 1446 'nil‘
606 1376 697 1436 fascia
711 1380 956 1455 nigraminatur3

208 1476 358 1535 AEstivum
371 1475 484 1533 tonat-'⁹
526 1473 637 1534 Infelix
650 1477 707 1534 hac
719 1474 842 1534 forsitan
855 1477 921 1553 ipsa

208 1573 301 1633 Nocte
315 1573 399 1632 cadet
410 1571 512 1642 fractis
527 1574 669 1654 trabibus,
684 1574 833 1648 fluctuque
846 1582 993 1650 premetur

210 1672 349 1744 Obrutus,
365 1679 394 1729 et
407 1689 512 1730 zonam
525 1671 602 1728 loeva
615 1689 771 1746 morsuque
784 1673 902 1730 tenebit
1083 1731 1085 1738 ,

210 1769 269 1827 Sed
282 1767 365 1843 cujus
378 1769 454 1827 votis
467 1769 554 1827 modo
568 1787 627 1827 non
641 1768 792 1828 suffecerat
805 1788 919 1841 curum,
1109 1767 1169 1828 290

210 1867 297 1939 Quod
310 1868 410 1944 Tagus
422 1873 452 1924 et
466 1866 557 1924 rutila
570 1866 662 1924 volvit
676 1867 814 1924 Pactolus
828 1884 926 1938 arena,

210 1964 333 2040 Frigida
345 1963 487 2045 sufficient
502 1962 633 2020 velantes
646 1963 768 2038 inguina
782 1964 873 2038 panni

210 2060 399 2136 Exiguusque
413 2060 503 2130 cibus,
515 2077 609 2117 mersa
621 2066 685 2116 rate
698 2056 855 2134 nautiagus
868 2075 961 2117 assem

210 2158 292 2214 Dum
305 2163 398 2231 rogat,
412 2163 443 2213 et
456 2156 538 2231 picta
550 2173 581 2213 se
594 2162 766 2230 tempestate
780 2162 886 2212 tuetur.

181 2313 184 2322 ,
251 2253 356 2311 Tantis
368 2260 454 2328 parta
467 2253 552 2310 malis
565 2271 636 2310 cura
648 2250 758 2324 majore
773 2258 912 2324 metuque

211 2349 380 2408 Servantur.
422 2350 532 2406 Misera
545 2356 589 2404 est
603 2349 702 2422 magui
716 2347 848 2406 custodia
861 2364 971 2406 census.

210 2448 369 2523 Dispositis
383 2447 523 2522 praedives
536 2446 633 2504 hamis
645 2446 767 2522 vigilare
781 2447 930 2505 eohortem

212 2545 370 2604 Servorum
384 2552 473 2603 noctu
486 2543 606 2602 Licinus
614 2542 709 2617 jubet,
726 2544 869 2603 attonitus
883 2563 936 2620 pro

211 2641 329 2700 Electro
342 2641 490 2718 signisque
503 2641 562 2699 suis
575 2641 765 2717 Phrygiaque
779 2641 923 2714 columna,

151 2735 159 2746 “
212 2739 311 2814 Atque
325 2737 410 2818 ebore
424 2744 454 2796 et
468 2739 531 2796 lata
544 2739 698 2796 testudine.
742 2739 833 2796 Dolin
845 2739 917 2796 nudi
1110 2739 1171 2798 300

211 2835 280 2894 Non
293 2837 397 2896 ardent
412 2836 535 2912 Cynici3
557 2835 582 2892 si
597 2833 722 2912 fregeris,
738 2836 831 2894 altera
843 2837 895 2894 fiet

213 2934 286 2993 Cras
298 2935 410 3006 domus,
422 2940 475 2992 aut
488 2933 589 2990 eadem
603 2933 725 3008 plumbo
739 2933 890 2991 commissa
904 2932 1039 2992 manebit

213 3031 310 3090 Sensit
323 3031 500 3103 Alexander,
516 3037 592 3102 testa
606 3047 697 3103 quum
711 3029 788 3087 vidit
800 3030 831 3086 in
846 3029 898 3086 illa

212 3128 354 3204 Magnum
366 3127 571 3198 habitatorem,
587 3133 697 3202 quanto
711 3124 822 3183 felicior
834 3125 893 3196 hic,
908 3125 960 3197 qui

211 3224 265 3281 Nil
278 3231 406 3299 cuperet,
421 3243 510 3302 quam
524 3224 576 3298 qui
589 3231 686 3282 totum
699 3224 754 3282 sibi
768 3229 898 3300 posceret
911 3224 1020 3295 orbem,

212 3322 357 3378 Passurus
370 3321 459 3397 gestis
473 3321 615 3394 equanda
627 3320 757 3396 pericula
769 3322 864 3380 rebus.

212 3415 336 3476 Nullum
350 3436 458 3474 numen
472 3419 569 3490 habes,
585 3419 610 3475 si
620 3418 659 3475 sit
672 3417 844 3494 prudentia:
867 3434 920 3475 nos
933 3423 973 3491 te,

212 3513 276 3571 Nos
289 3512 421 3588 facimus,
437 3515 579 3587 Fortuna,
593 3515 698 3573 Deam.
740 3516 882 3572 Mensura
894 3522 992 3573 tamen
1007 3529 1071 3588 quae

214 3610 345 3670 Sufficiat
358 3629 469 3684 oeneus,
483 3611 509 3668 si
523 3612 588 3685 quis
600 3628 647 3668 ms
661 3612 801 3685 consulat,
816 3613 918 3670 mam:

214 3708 250 3764 ln
264 3715 409 3782 quantum
422 3708 485 3766 sitis
499 3716 587 3782 atque
600 3706 690 3765 fames
704 3715 733 3765 et
747 3706 856 3783 frigora
869 3713 1001 3782 poscunt,
1067 3753 1068 3756 η
1111 3701 1171 3759 310
1289 3775 1291 3779 ¹

215 3806 374 3878 Quantum,
387 3805 523 3881 Epicure,
538 3805 592 3862 tibi
609 3805 705 3880 parvis
718 3803 831 3862 suffecit
844 3804 875 3860 in
889 3800 991 3871 hortis,
