2654 4348
167 343 187 397 2
473 355 504 397 u.
524 355 613 397 ιιιιιιι
636 355 813 399 Juvnuams

166 487 265 559 Quum
278 505 345 564 pars
359 487 482 546 Niliacae
495 488 596 564 plebis,
611 505 703 561 quum
716 506 807 572 perna
820 488 933 568 Canopi

166 583 327 659 Crispinus,
339 585 444 660 Tyrias
458 585 579 642 humero
592 565 746 642 revocante
759 585 896 658 lacernas,

165 683 294 740 Ventilet
308 683 442 740 aestivum
456 682 553 756 digitis
568 682 741 739 sudantibus
755 701 869 756 aurum,

164 779 227 836 Nec
240 777 359 836 sufferre
372 785 459 852 queat
472 777 593 850 majoris
607 779 735 852 pondera
747 799 883 855 gemmae:

164 875 288 932 Difficile
301 885 346 932 est
359 877 478 933 satiram
492 893 551 932 non
566 869 724 968 scribere}
739 875 818 934 Nam
832 878 896 950 quis
907 877 1015 951 iniquae

163 973 239 1029 Tam
252 974 366 1047 patiens
379 973 468 1044 urbis,
483 982 545 1029 tam
558 970 675 1044 ferreus,
691 983 725 1030 ut
738 981 835 1030 teneat
849 992 887 1045 se,

164 1070 311 1129 Causidici
324 1089 402 1128 nova
416 1089 506 1144 quum
521 1072 619 1128 veniat
633 1065 738 1128 lectica
750 1072 911 1143 Mathonis,
1079 1073 1115 1132 30

163 1169 190 1222 P
190 1168 277 1224 lena
268 1186 348 1242 1ps03
370 1175 437 1241 post
450 1168 529 1224 hunc
542 1169 641 1242 magni
655 1167 767 1276 delator
780 1168 875 1240 amici,
914 1209 916 1216 ,

115 1295 140 1329 η
163 1265 204 1321 Et
218 1265 276 1321 cito
289 1272 427 1340 rapturus
439 1264 475 1321 de
487 1264 639 1321 nob1htate
653 1245 789 1321 comesa
998 1317 1112 1357 w

130 1336 248 1432 Quod
262 1370 406 1436 superest;
428 1378 515 1434 quem
528 1361 628 1418 Massa
640 1362 732 1433 timet,
748 1380 834 1435 quem
846 1381 964 1420 munere
977 1365 1077 1438 palpat

164 1457 267 1530 Carus,
283 1466 312 1514 et
326 1477 344 1515 a
357 1458 470 1532 trepido
484 1457 625 1532 Thymele
639 1458 781 1514 submissa
793 1458 908 1516 Latino

204 1555 281 1627 Quid
295 1554 427 1626 referam,
444 1562 555 1628 quanta
567 1553 678 1610 siccum
685 1553 769 1626 jecur
782 1555 976 1626 ardeatina,
1059 1569 1086 1642 ,f
1103 1621 1116 1638 .
1110 1595 1128 1638 3
1144 1599 1158 1626 μ
1170 1574 1220 1620 ι
1326 1600 1327 1617 2

164 1653 261 1722 Quum
274 1653 415 1728 populum
429 1650 563 1726 gregibus
575 1651 715 1708 comitum
729 1659 843 1724 premat
855 1652 930 1748 ipos
929 1653 1105 1744 pobator
1141 1711 1146 1719 ,
1212 1647 1239 1730 ἦ,
1254 1689 1270 1710 1.

162 1748 273 1822 Popilli
287 1747 465 1823 prostantis?
507 1746 549 1802 Et
562 1745 611 1803 hio
621 1746 799 1805 damnatus
790 1747 974 1854 manime

162 1845 182 1900 J
186 1844 281 1900 ud1c1o
295 1842 377 1918 (quid
391 1844 468 1899 enim
482 1842 569 1900 salvis
582 1839 705 1898 infamia
718 1843 843 1900 nummis
851 1822 908 1918 i)

162 1940 256 1996 Exsul
269 1942 307 1997 ab
320 1947 424 1997 octava
437 1941 549 1997 Manius
562 1939 645 2010 bibit,
661 1945 691 1996 et
704 1937 811 1998 fruitur
823 1940 925 1998 Dis

162 2037 266 2104 Iratis;
290 2044 322 2092 at
336 2045 369 2094 tu
382 2036 489 2093 victrix
503 2037 653 2111 provincia
665 2037 780 2112 plorat

202 2135 276 2190 Haec
289 2152 342 2210 ego
355 2152 414 2191 non
428 2133 542 2202 credam
552 2133 705 2191 Venusina
717 2134 805 2209 digna
817 2135 954 2192 lucemai

162 2231 235 2286 Haec
248 2247 302 2304 ego
314 2249 374 2286 non
387 2229 515 2305 agitem?
559 2229 616 2286 Sed
631 2229 701 2302 quid
713 2229 805 2304 magis
818 2229 975 2286 Heracleas

161 2325 227 2382 Aut
241 2327 415 2384 Diomedeas
428 2335 479 2383 aut
492 2328 635 2401 mugitum
649 2327 792 2401 Labyrint
793 2327 833 2398 hi,

145 2496 148 2505 Ι
162 2423 202 2478 Et
215 2442 294 2480 maro
307 2441 475 2497 percussum
476 2441 579 2526 ἃιιιιιιιο
592 2419 763 2496 fabrumque
776 2423 941 2492 volantem

115 2547 119 2554 ·
162 2506 261 2589 Quuni
275 2504 351 2576 ienb
349 2505 478 2592 ac'dipiat
490 2503 597 2574 mdechi
611 2519 735 2589 bona,
712 2538 737 2576 st
751 2520 882 2593 capiendi

161 2616 182 2672 J
184 2633 217 2672 us
230 2615 342 2672 nullum
356 2614 461 2670 uxorii

163 2713 262 2783 Quum
275 2710 318 2769 fas
332 2729 391 2768 esse
404 2720 487 2786 putet
501 2731 602 2768 curam
615 2731 730 2787 sperare
744 2715 879 2786 cohortis,
948 2727 955 2740 ·

162 2809 221 2879 Qui
236 2810 312 2865 hona
325 2807 445 2864 donavit
460 2810 633 2884 psaesepibus
647 2819 676 2866 et
690 2819 769 2868 caret
782 2813 862 2869 omni

161 2903 309 2977 Majorum
324 2921 419 2976 censu,
435 2904 504 2960 dum
518 2905 649 2979 pervolat
663 2925 718 2963 axe
732 2908 821 2964 citato
1143 2976 1146 2986 Ι

162 3001 348 3072 Flaminiam,
363 3017 437 3076 puer
449 3000 639 3060 Automedon
652 3023 719 3062 nam
733 3004 796 3062 lora
809 3007 946 3062 tenebat?
1076 3010 1115 3067 50

161 3097 267 3154 Nonne
280 3099 352 3155 libet
364 3099 459 3156 medio
473 3117 552 3157 cetus
565 3099 684 3174 implere
699 3118 818 3174 capaces

162 3197 339 3267 Quadrivioz
363 3215 453 3270 quum
462 3195 527 3270 jam
539 3199 624 3254 se‘xta
637 3185 746 3256 cerdice
759 3196 869 3258 feratur

161 3293 241 3349 Hinc
255 3300 341 3366 atque
355 3294 421 3349 inde
434 3301 538 3368 patens
550 3312 587 3352 ac
599 3293 679 3352 nuda
691 3313 772 3370 paeue
786 3294 933 3366 cathedra,

161 3390 202 3446 Et
215 3389 342 3446 multum
355 3387 480 3446 reserens
494 3391 530 3447 de
543 3391 705 3448 Maecenate
718 3393 832 3466 supino,

161 3486 300 3562 Signatus
313 3484 396 3558 falso,
412 3487 463 3560 qui
477 3503 507 3546 se
520 3487 636 3544 lautum
649 3497 737 3561 atque
749 3491 867 3546 beatum

162 3583 286 3659 Exiguis
298 3584 405 3641 tabulis
419 3592 448 3640 et
461 3603 576 3660 gemma
589 3582 695 3680 feperat
708 3585 786 3643 adai

163 3679 304 3738 Occurrat
311 3688 445 3737 matrona
458 3689 569 3756 potens,
584 3659 648 3754 qdae
662 3682 749 3740 molle
754 3680 904 3741 Calenum

162 3777 377 3834 Porrectura'
349 3795 413 3834 viro
426 3757 525 3834 miscet
538 3766 653 3834 sitiente
666 3752 807 3850 rubetam,
900 3843 904 3850 ¹
