2672 4350
522 373 524 380 ’
574 371 691 414 SATIRA
714 373 763 414 111.

193 502 358 578 Gymnasia
368 498 459 578 ¹atque
474 504 542 561 audi
555 502 668 562 facinus
680 503 798 578 majoris
810 505 922 563 abollae.

194 600 308 659 Stoicus
322 601 428 658 occidit
440 603 574 672 Baream,
591 601 704 657 delator
718 602 851 674 amicum,

193 696 437 772 Disoipnlumque
449 715 547 768 senex,
562 699 628 771 ripa
639 697 768 756 nutritus
780 699 812 755 in
825 699 887 771 illa,

149 817 168 850 ι
194 794 245 852 Ad
258 812 347 868 quam
361 795 508 870 Gorgonei
521 795 639 870 delapsa
652 803 695 852 est
709 797 799 872 pinna
812 796 927 854 caballi.

193 894 262 951 Non
275 899 320 948 est
333 893 467 949 Romano
481 894 616 968 cuiquam
629 893 710 950 locus
725 895 781 965 hie,
797 895 847 952 ubi
862 902 963 972 regnat

192 992 370 1065 Protogenes
383 989 488 1062 aliquis
501 989 549 1046 vel
563 989 702 1065 Diphilus
715 999 767 1048 ant
781 990 968 1065 Hermarcus,

194 1087 254 1158 Qui
267 1087 360 1162 gentis
373 1086 446 1144 vitio
460 1105 609 1160 nunquam
626 1089 754 1162 partitur
768 1091 903 1163 amicum,

193 1183 281 1240 Solus
293 1182 387 1240 habet.
429 1182 510 1240 Nam
523 1201 615 1255 quum
629 1181 744 1242 facilem
759 1187 880 1246 stillavit
893 1188 924 1244 in
938 1205 1035 1246 aurern

193 1279 342 1354 Exiguum
356 1279 392 1336 de
407 1288 520 1336 naturae
532 1279 693 1354 patriaeque
706 1299 825 1354 veneno,
1090 1285 1148 1342 110

192 1375 308 1432 Limine
321 1393 519 1443 summoveor3
541 1377 690 1451 perierunt
702 1387 835 1454 tempora
847 1381 926 1456 longi

194 1472 320 1530 Servitii.
361 1474 514 1546 Nusquam
527 1475 622 1532 minor
638 1484 682 1534 est
690 1476 808 1551 jactura
821 1477 940 1536 clientis
1054 1521 1061 1535 ι

234 1569 319 1642 Quod
333 1587 420 1646 porro
433 1571 569 1645 officium,
585 1591 622 1630 ne
635 1574 717 1632 nobis
731 1573 873 1646 blandiar,
888 1584 941 1632 aut
954 1573 1031 1648 quod

192 1669 333 1745 Pauperis
346 1669 395 1729 hic
408 1672 556 1744 meritum,
571 1671 595 1728 si
609 1679 689 1730 curet
702 1680 786 1730 nocte
800 1679 917 1747 togatus

194 1765 327 1838 Currere,
343 1784 435 1841 quum
447 1769 563 1827 Praetor
575 1769 707 1827 lictorem
719 1769 859 1844 impellat,
875 1777 905 1828 et
918 1770 961 1826 ire

191 1864 378 1940 Praecipitem
387 1863 501 1939 jubeat,
516 1866 625 1924 dudum
638 1866 827 1943 vigilantibus
839 1867 926 1939 orbis,

192 1959 239 2018 Ne
251 1962 331 2036 prior
343 1962 484 2021 Albinam
498 1970 528 2020 et
541 1963 670 2020 Modiam
685 1964 795 2038 collega
807 1963 935 2022 salutet?
967 2013 973 2018 ,
1041 1931 1106 2021 ...6
1136 1958 1139 1966 “
1183 1969 1213 2002 ⁴.

192 2059 242 2116 Da
255 2067 358 2118 testem
371 2061 473 2118 Romae
486 2068 547 2118 tam
561 2067 702 2130 sanetum,
716 2053 805 2132 quani
819 2059 874 2118 fuit
888 2038 991 2136 hospes
1082 2053 1095 2083 ·'
1177 2029 1204 2091 'f

192 2155 330 2214 Numinis
344 2157 435 2226 Idaei3
456 2157 593 2233 procedat
606 2156 652 2216 rcl
666 2152 775 2228 Numa,
790 2158 835 2212 vel
849 2157 900 2230 qui

193 2253 328 2312 Servavit
341 2255 486 2330 trepidam
500 2252 635 2330 flagranti
647 2237 687 2308 ex
700 2253 760 2310 aede
773 2253 955 2310 Minervam:
1090 2256 1148 2314 120

191 2351 337 2412 Protcnus
350 2351 388 2410 ad
402 2369 528 2422 censum,
544 2351 580 2407 de
592 2350 721 2408 moribus
733 2349 838 2408 ultima
849 2351 900 2407 fiet
1063 2345 1066 2350 ’

193 2449 338 2522 Quaestio:
355 2453 454 2524 “quot
466 2449 560 2525 pascit
573 2449 690 2506 servos?
711 2454 782 2520 quot
795 2445 922 2524 possidet
938 2449 1000 2525 agri

192 2545 213 2604 J
214 2547 319 2622 ugera?
341 2565 430 2621 quam
443 2546 540 2604 multa
551 2561 713 2620 magnaque
726 2545 878 2620 paropside
891 2553 987 2604 coenat
994 2547 1025 2604 l’'
1134 2577 1135 2582 κ

193 2642 347 2715 Quantum
361 2645 484 2718 quisque
497 2661 550 2700 sua
563 2659 750 2700 nummorum
763 2649 860 2700 servat
873 2643 905 2700 in
916 2642 994 2716 arca,

192 2739 323 2800 Tantum
336 2743 424 2800 habet
438 2749 468 2798 et
480 2740 555 2798 fidei.
598 2741 685 2799 dures
698 2739 766 2798 licet
779 2747 808 2796 et
822 2740 1046 2800 Samothracum

192 2837 233 2896 Et
246 2847 410 2898 nostrorum
424 2857 497 2910 aras,
511 2845 693 2896 contemnere
705 2833 829 2894 fulmina
842 2847 962 2911 pauper

193 2935 331 2994 Creditur
344 2945 431 3010 alque
444 2935 532 3008 Deos,
547 2934 604 2992 Dis
617 2933 830 3010 ignoscentibus
843 2933 919 3008 ipsis

193 3031 281 3104 Quid,
293 3032 372 3106 quod
384 3032 537 3090 materiam
551 3033 660 3106 praebet
675 3045 833 3101 causasque
842 3027 976 3112 jocorum

192 3128 335 3188 Omnibus
347 3129 396 3189 hic
408 3129 495 3200 idem,
510 3128 536 3186 si
548 3127 628 3184 foeda
640 3133 670 3184 et
684 3125 771 3182 scissa
783 3125 907 3197 lucerna,

191 3224 224 3283 Si
237 3234 306 3302 toga
319 3226 464 3283 sordidula
478 3230 564 3282 estet
577 3229 665 3297 rupta
679 3221 792 3280 calceus
805 3222 880 3278 alter
1090 3223 1160 3282 130·

190 3322 270 3380 Pelle
283 3330 383 3397 patet;
404 3321 498 3392 vulsi,
514 3327 634 3378 consuto
647 3319 774 3391 vulnere,
790 3337 919 3378 crassum

190 3416 291 3492 Atque
304 3436 403 3477 recens
415 3417 509 3476 linum
522 3415 648 3474 ostendit
660 3434 721 3473 nou
734 3434 794 3474 una
806 3416 950 3474 cicatrix?
1058 3467 1066 3500 r

188 3511 242 3572 Nil
254 3515 343 3576 habet
355 3513 458 3572 infelix
470 3520 627 3589 paupertas
639 3512 738 3570 durius
751 3513 783 3570 in
796 3531 835 3585 se,
931 3511 937 3545 ·'
1027 3548 1030 3554 ·
1053 3507 1056 3514 ’

189 3609 287 3682 Quam
300 3612 380 3685 quod
392 3611 528 3669 ridiculos
541 3609 673 3666 homines
686 3608 763 3667 facit.
807 3609 958 3684 “Exeat,’'
969 3611 1073 3692 inquit
1173 3680 1177 3688 s

190 3706 251 3764 “Si
264 3708 426 3782 pudorest,
440 3714 470 3763 et
482 3706 519 3762 de
531 3705 653 3781 pulvino
665 3711 765 3779 surgat
779 3705 913 3778 equestri,
932 3741 947 3764 ,ι
960 3729 977 3750 ³1
1007 3779 1010 3786 ,

189 3799 282 3875 Cujus
295 3802 411 3884 resflegi
423 3820 481 3859 non
495 3801 610 3872 sufficit,
625 3809 655 3857 et
668 3799 786 3857 sedeant
798 3801 848 3856 hio
952 3813 953 3816 ’
969 3818 974 3828 ’

200 3907 204 3917 ·
274 3891 393 3948 ”“ν“·“”
499 3946 503 3958 ,
639 3897 698 3952 Ar
