2672 4350
95 291 98 296 Δ
166 305 186 364 8
473 324 503 365 n.
521 323 610 366 suun
633 323 810 368 Juvuusms

165 454 207 511 Et
220 455 392 512 ceromatico
405 455 462 513 sert
475 456 615 514 niceteria
628 456 712 514 eollo.

165 551 225 609 Hic
238 551 299 609 alta
313 553 445 628 Sicyone,
459 561 505 609 ast
517 554 567 610 hio
579 553 735 628 Amydone
747 553 859 626 relicta,

164 647 225 705 Hic
237 647 350 720 Andro,
366 649 416 705 ille
430 651 527 721 Samo,
543 649 591 706 hic
603 649 751 706 Trallibus
764 657 816 706 aut
829 649 1002 724 Alabandis,

164 743 313 818 Esquilias
325 745 493 818 dictumque
506 753 610 820 petunt
623 764 642 802 a
653 746 762 802 vimine
776 745 887 818 collem,
1078 746 1118 808 70

163 840 285 902 Viscera
298 859 471 916 magnarum
483 842 622 900 domuum
637 841 804 915 dominique
816 839 919 901 futuri.

164 937 318 1012 Ingenium
330 939 426 1010 velox,
442 939 566 996 audacia
578 939 700 1013 perdita,
715 957 810 996 sermo

163 1035 301 1092 Promtus
315 1042 345 1092 et
358 1036 432 1093 Isaeo
445 1035 612 1094 torrentior.
655 1035 727 1108 Ede,
743 1035 815 1109 quid
827 1035 912 1094 illum

163 1131 235 1188 Esse
247 1133 353 1206 putes?
374 1149 461 1206 quem
473 1132 519 1190 vis
532 1133 687 1205 hominem,
703 1150 801 1190 secum
815 1134 917 1190 attulit
930 1135 968 1192 ad
980 1151 1048 1193 nos:

163 1228 390 1304 Grammaticus,
404 1230 513 1301 rhetor,
527 1237 694 1306 geometres,
709 1230 811 1306 pictor,
826 1231 938 1306 aliptes,

162 1323 277 1402 Augur,
290 1295 499 1399 doiioiirdba'tes,
514 1328 651 1398 medicus,
665 1344 786 1402 magus:
808 1327 906 1386 omnia
917 1327 1009 1386 novit.

163 1422 315 1482 Graeculus
326 1423 457 1482 esuriens
470 1424 502 1480 in
516 1423 632 1495 coelum,
642 1421 772 1496 jusseris,
786 1423 856 1480 ibit,

162 1519 213 1578 Ad
227 1539 381 1591 summam,
392 1539 450 1578 non
465 1521 589 1578 Maurus
603 1530 665 1576 erat
678 1536 771 1592 neque
784 1519 920 1578 Sarmata
932 1537 986 1581 nee
995 1519 1106 1594 Thrax,

162 1616 222 1687 Qui
237 1618 340 1676 sumsit
353 1633 471 1692 pennas,
487 1615 589 1672 mediis
603 1615 754 1672 seductus
767 1615 901 1674 Athenis.
949 1619 950 1622 ’

162 1713 279 1772 Horum
291 1731 344 1789 ego
358 1731 417 1771 non
430 1711 541 1788 fugiam
555 1711 725 1788 conchylia?
747 1730 796 1770 me
807 1713 888 1787 prior
900 1711 952 1770 illo
1077 1713 1117 1774 80

162 1810 318 1885 Signabitl
339 1808 486 1885 frutusque
498 1815 564 1867 toro
576 1809 695 1866 meliore
708 1811 864 1883 recumbet,

162 1906 311 1964 Adventus
324 1908 458 1980 Romam,
473 1923 531 1982 quo
544 1925 640 1982 pruna
653 1913 682 1962 et
697 1914 815 1965 cottana
827 1909 936 1966 ventol

162 2003 263 2077 Usque
278 2003 349 2060 adeo
363 2003 438 2060 nihil
452 2010 505 2077 est,
519 2003 692 2115 quiidssffi
723 2002 849 2062 infautia
861 2004 968 2064 coelum

161 2099 272 2157 Hausit
285 2098 438 2172 Aventini,
453 2102 543 2158 bacca
553 2085 669 2159 ‘litha
722 2102 812 2160 hinal

162 2196 249 2269 Quid,
282 2198 340 2255 uod
353 2197 491 2270 adulandi
505 2167 574 2274 gods
588 2177 813 2274 prudentissima
825 2159 927 2257 laudiat

162 2214 330 2352 Sermoidm
343 2295 460 2366 indocti,
476 2293 579 2352 faciem
593 2291 727 2351 deformis
740 2295 836 2366 amici,

161 2391 203 2450 Et
216 2393 333 2468 longum
347 2392 469 2448 invalidi
484 2391 591 2448 collum
605 2375 871 2467 cervicibusaequat

161 2489 306 2558 Herculis,
321 2487 462 2545 Antaeum
476 2487 577 2562 procul
590 2505 610 2544 a
624 2488 727 2545 tellure
741 2490 885 2548 tenentisl
979 2559 981 2568 s

161 2587 236 2643 Haec
249 2586 349 2643 eadem
362 2585 435 2642 licet¹
443 2593 473 2642 et
485 2573 568 2644 nobis
580 2585 715 2643 laudare:
738 2587 788 2644 sed
801 2587 859 2645 illis

162 2683 305 2743 Creditur.
370 2677 506 2765 tyra-s
541 2685 607 2738 lca»
665 2668 814 2760 51³4!
1076 2687 1116 2746 90

160 2781 225 2838 Nec
237 2788 335 2838 tamen
349 2779 524 2851 Antiochus,
539 2781 663 2838 necarit
676 2781 817 2840 mirabilis
828 2782 889 2840 illic

161 2877 227 2936 Aut
240 2877 398 2936 Stratocles
411 2885 464 2935 aut
478 2895 544 2936 cum
559 2877 640 2935 molli
653 2878 820 2936 Demetrius
832 2879 955 2938 Haemo:

160 2975 191 3034 N
208 2976 252 3045 io
266 2974 398 3034 comoeda
410 2983 461 3033 est.
505 2974 603 3045 Rides,
620 2975 737 3032 meliore
751 2975 891 3034 cachinno

189 3049 352 3140 oiicu'titum
374 3072 433 3144 flet,
449 3072 473 3129 si
487 3071 622 3130 lacrimas
637 3073 788 3146 conspexit
801 3073 897 3144 amici,
967 3127 968 3132 ,

160 3168 223 3227 Nec
237 3168 330 3236 dolet3
351 3169 512 3244 igniculum
526 3169 637 3227 brumae
651 3169 676 3226 si
689 3175 819 3244 tempore
832 3186 940 3244 poscas,

124 3309 133 3324 .
161 3266 280 3340 Accipit
293 3265 507 3334 endromidem
528 3265 553 3322 si
566 3265 682 3337 dixeris,
696 3265 859 3335 “AEstuo,’'
874 3263 969 3320 sudat.

160 3361 229 3419 Non
243 3379 341 3418 sumus
355 3379 423 3438 ergo
437 3379 537 3436 pares:
559 3359 673 3431 melior,
688 3359 739 3433 qui
752 3376 864 3434 semper
877 3366 907 3415 et
920 3359 1001 3418 omni

159 3458 255 3516 Nocte
269 3458 370 3531 dieque
382 3464 478 3533 potest
491 3457 586 3514 aliem
598 3473 712 3512 sumere
725 3455 841 3514 vultum

161 3556 192 3613 A
201 3553 401 3628 facie,jaotare
414 3571 527 3626 manus,
541 3552 662 3610 laudare
675 3559 804 3628 paratus.

162 3653 242 3710 Scire
251 3653 355 3709 volunt
368 3657 478 3708 secreta
490 3650 593 3707 domus
607 3657 694 3722 atque
707 3649 774 3705 inde
786 3649 918 3712 timorist
1057 3651 1115 3709 100

202 3747 243 3803 Et
256 3749 394 3820 quoniam
407 3746 495 3822 eoepit
505 3746 675 3806 Graecorum
689 3747 806 3820 mentio,
822 3748 913 3806 transi
