2672 4350
443 705 483 761 D.
501 703 619 764 JUNII
639 697 877 764 JUVENALIS

376 859 953 952 SATIRARUM

402 1039 407 1048 ’
495 1057 623 1116 nmen
642 1059 831 1117 anaema

537 1380 696 1442 SA'I‘IRA
714 1381 789 1441 VII.

183 1515 230 1574 En
241 1532 307 1592 spes
320 1523 351 1572 et
362 1512 439 1572 ratio
452 1513 615 1571 studiorum
627 1512 660 1570 in
674 1512 788 1572 Caesare
802 1519 935 1570 tantum:

184 1613 269 1674 Solus
281 1612 359 1669 enim
372 1611 471 1668 tristes
483 1610 541 1666 hac
554 1617 726 1685 tempestate
737 1607 883 1668 Camenas

183 1708 332 1785 Respexit,
347 1724 439 1781 quum
447 1705 513 1780 jam
526 1705 651 1764 celebres
665 1706 786 1780 notique
799 1713 891 1781 poetae

183 1806 358 1864 Balneolum
373 1803 486 1876 Gabiis,
502 1805 604 1860 Romae
618 1803 776 1862 conducere
788 1802 888 1861 furnos

184 1904 354 1974 Tentarena
369 1919 423 1959 nec
435 1899 546 1958 foedum
560 1900 620 1973 alii,
635 1919 689 1958 nec
703 1909 787 1977 turpe
799 1909 935 1977 putarent

183 2001 336 2058 Praecones
350 1999 431 2071 tieri3
452 2016 553 2071 quum,
569 1997 687 2070 desertis
699 1997 869 2074 Aganippes

184 2097 328 2169 Vallibus,
343 2096 471 2154 esuriens
483 2095 624 2171 migraret
636 2096 668 2152 in
682 2097 759 2152 atria
772 2096 846 2155 Clio.
917 2097 920 2104 ’

184 2195 264 2253 Nam
277 2195 303 2252 si
316 2194 416 2252 Pieria
429 2194 574 2269 quadrans
588 2194 644 2251 tibi
657 2193 755 2251 nullus
769 2193 800 2249 in
814 2194 918 2252 umbra

186 2292 374 2362 Ostendetur,
389 2303 469 2348 ames
482 2309 589 2348 nomen
602 2291 770 2364 victumque
783 2290 947 2364 Machaerae,

185 2389 226 2446 Et
239 2389 347 2446 vendas
359 2388 467 2464 potius,
482 2387 635 2445 commissa
648 2388 728 2461 quod
740 2387 838 2445 auctio
851 2389 949 2446 vendit
1105 2388 1143 2448 10

186 2485 346 2556 Stantibus,
363 2485 562 2559 oenophorum,
579 2483 718 2558 tripodes,
732 2484 866 2556 armaria,
882 2485 979 2556 cistas,

185 2581 342 2640 Alcitheon
356 2583 454 2652 Pacci,
468 2580 585 2652 Thebas
598 2587 628 2636 et
641 2579 734 2638 Terea
747 2581 860 2638 Fausti.

124 2737 128 2741 ,
186 2679 253 2736 Hoc
266 2677 366 2750 satius,
381 2695 470 2750 quam
484 2677 510 2733 si
523 2677 602 2734 dicas
615 2675 786 2753 subjudice,
801 2678 926 2750 “Vidi'’
1045 2715 1048 2722 ‹

187 2776 274 2848 Quod
286 2794 346 2833 non
359 2775 467 2834 vidisti.
509 2773 637 2832 Faciant
650 2776 761 2848 equites
772 2775 879 2834 Asiani

187 2875 375 2950 Quanquam,
389 2880 420 2930 et
434 2871 623 2948 Cappadoces
636 2871 746 2944 faciant
759 2874 928 2947 equitesque
940 2873 1072 2949 Bithyni,

186 2971 293 3028 Altera
306 2987 378 3044 quos
390 2969 469 3026 nudo
483 2969 612 3027 traducit
626 2969 726 3029 Gallia
739 2970 808 3028 talo.

152 3063 155 3068 ⁴
186 3067 284 3126 Nemo
297 3074 396 3124 tamen
409 3065 514 3125 studiis
526 3065 681 3143 indignum
693 3064 767 3124 ferre
780 3066 908 3126 lahorem

188 3165 317 3240 Cogetur
330 3163 566 3238 posthac,neetit
579 3164 744 3238 quicunque
757 3165 870 3223 canoris

187 3262 347 3337 Eloquium
360 3262 461 3321 vocale
474 3261 577 3335 modis,
591 3261 764 3338 laurumque
776 3263 941 3322 momordit.

188 3359 255 3418 Hoc
268 3358 355 3437 agite,
365 3360 394 3420 Ο
402 3359 538 3436 juvenes:
562 3359 756 3436 circumspicit
769 3369 799 3418 et
811 3361 943 3420 stimulat
955 3379 1008 3420 vos
1104 3363 1144 3420 20

187 3457 402 3531 Materiemque
414 3458 472 3516 sibi
485 3457 578 3516 Ducis
591 3457 774 3534 indulgentia
787 3460 898 3533 quaerit.

188 3554 221 3614 Si
235 3572 295 3629 qua
308 3555 425 3613 aliunde
437 3562 526 3630 putas
538 3573 635 3612 rerum
648 3557 843 3632 exspectanda
856 3564 976 3615 tuarum

187 3651 337 3721 Praesidia,
352 3660 440 3723 atque
454 3651 518 3708 ideo
532 3669 639 3710 croceae
653 3655 822 3711 membrana
835 3651 949 3710 tabellae

187 3745 341 3822 Impletur,
352 3746 498 3822 lignorum
512 3748 622 3820 aliquid
635 3765 721 3823 posce
734 3749 814 3806 ocius
828 3756 866 3820 et,
881 3765 946 3822 quae

629 3844 656 3898 B
