2672 4350
601 385 719 428 armus
740 384 794 427 xv.
1133 367 1174 426 83

214 519 346 594 Virginis
359 516 495 591 occurrit,
509 517 556 576 val
569 521 649 574 terra
662 515 808 575 clauditur
821 514 925 587 infans,

214 616 257 674 Et
271 616 368 674 minor
379 616 447 692 igue
459 614 531 689 rogi.
573 613 648 685 Quis
661 613 738 672 enim
752 615 845 672 bonus
858 621 888 671 et
900 611 963 672 faoe
976 613 1081 690 dignus
1117 610 1176 672 140

216 714 344 786 Arcana,
359 712 475 787 qualem
491 710 604 772 Cereris
616 713 682 769 vult
695 729 756 778 esse
769 711 911 784 sacerdos,

215 811 288 870 Ulla
301 811 396 870 aliena
409 811 465 868 sibi
479 809 577 869 medat
590 808 690 866 malai
732 809 857 884 Separat
870 809 928 868 hoe
939 826 993 868 noe

216 909 248 966 A
260 925 346 986 grege
358 915 516 981 mutorum,
531 917 621 984 atque
633 909 699 968 ideo
712 910 878 968 venerabile
890 909 946 968 soli

217 1005 320 1064 Sortiti
334 1006 491 1084 ingenium,
502 1005 724 1082 divinorumque
738 1025 866 1082 capaces,
885 991 945 1048 Μ
959 955 1111 1086 “dmi

217 1105 319 1178 Atque
332 1103 497 1163 exercendis
510 1105 713 1181 capiendisque
726 1105 841 1164 artibus
853 1106 927 1183 opti,

219 1203 342 1261 Sensum
355 1218 374 1258 a
386 1201 495 1263 coelesti
508 1201 665 1262 demissum
679 1201 825 1262 traximus
836 1221 911 1276 aree,

219 1297 311 1374 Cujus
324 1307 408 1375 egent
422 1318 516 1376 prona
529 1306 559 1358 ct
574 1306 683 1378 terram
697 1301 866 1377 spectantia.
907 1301 1014 1360 Mundi

218 1398 368 1474 Principio
380 1397 501 1456 indulsit
515 1397 677 1456 communis
692 1397 824 1456 conditor
836 1397 896 1456 illis

218 1496 350 1554 Tantum
362 1495 484 1568 animas,
497 1495 581 1554 nobis
594 1494 726 1552 animum
740 1512 864 1570 quoque,
876 1501 998 1554 mutuus
1011 1501 1045 1554 ut
1059 1511 1112 1554 nos

219 1591 353 1650 Affectus
365 1599 462 1668 petere
476 1592 619 1652 auxilium
634 1599 666 1650 et
677 1599 814 1669 praestare
822 1590 948 1667 juberet,
1121 1589 1180 1650 150

219 1689 372 1764 Dispersus
385 1690 500 1747 trahere
513 1690 545 1746 in
558 1688 711 1766 populum,
725 1689 851 1766 migrare
864 1677 981 1748 vetusto

220 1787 267 1844 De
279 1804 397 1844 nemore
410 1795 440 1845 et
452 1787 569 1863 proavis
581 1787 728 1846 habitatas
740 1786 870 1862 linquere
882 1777 988 1855 siluam

219 1884 381 1942 AEdificnre
393 1885 503 1958 domos,
515 1885 642 1944 Laribus
655 1883 830 1962 conjungere
842 1885 951 1944 nostris

219 1981 344 2056 Tectum
360 1982 449 2054 eliud,
465 1989 545 2040 tutos
558 1980 654 2040 vicino
667 1983 768 2040 limine
779 1999 895 2040 somnos
917 2025 918 2030 η

118 2125 132 2152 ,
221 2077 265 2136 Ut
279 2077 386 2136 collata
399 2077 481 2136 daret
495 2077 617 2145 fiduciam
638 2086 789 2155 protegere
800 2079 890 2136 armis

220 2176 358 2252 Lapsum,
374 2183 427 2235 aut
439 2177 550 2253 ingenti
562 2184 716 2237 nutantem
729 2176 849 2236 vulnere
863 2175 965 2249 civem,

223 2273 378 2333 Communi
392 2273 462 2332 dare
475 2273 558 2350 signa
572 2275 654 2348 tuba,
668 2272 816 2333 defendier
828 2273 920 2332 isdem

220 2370 371 2445 Turribus,
386 2378 473 2446 atque
486 2389 547 2428 una
559 2377 710 2447 perranum
723 2372 806 2458 clave
818 2371 917 2430 teneri„

116 2526 119 2531 .
222 2467 281 2528 Sed
288 2466 354 2541 jam
366 2475 531 2544 serpentum
545 2467 639 2543 major
652 2469 822 2528 concordia:
844 2469 940 2545 parcit

223 2564 364 2641 cognatis
376 2566 497 2624 maculis
510 2565 614 2624 similis
628 2564 699 2626 sera.
742 2566 866 2639 Quando
880 2567 958 2630 leoni
1122 2565 1182 2626 160

222 2653 340 2720 Fortior
352 2663 459 2737 eripuit
471 2663 564 2720 vitam
578 2663 644 2720 leol
667 2681 726 2738 quo
739 2682 856 2722 nemore
870 2681 1001 2739 unquam

222 2758 392 2834 Exspiravit
406 2776 476 2834 aper
489 2757 608 2832 maioris
621 2761 756 2818 dentibus
769 2761 854 2835 april

222 2854 325 2912 Indica
337 2855 422 2932 tigris
436 2856 496 2931 agit
510 2856 612 2914 rabida
627 2874 694 2914 cum
707 2857 813 2932 tigride
826 2873 928 2932 pacem

222 2952 413 3028 Perpetuam:
435 2953 518 3010 saevis
530 2952 606 3010 inter
619 2971 650 3010 se
663 2954 799 3012 eonvenit
811 2954 893 3012 ursis.

222 3049 280 3107 Ast
293 3048 406 3108 homini
420 3047 528 3107 ferrum
541 3050 628 3109 letale
641 3049 746 3108 incude
759 3048 885 3108 nefanda

222 3147 397 3204 Produxisse
409 3165 514 3222 parum
527 3155 588 3214 est;
610 3155 702 3221 quum
714 3153 810 3204 rastra
822 3153 852 3203 et
866 3145 981 3206 sarcula
993 3153 1110 3206 tantum

222 3241 341 3301 Assueti
355 3261 485 3318 coquere,
501 3251 531 3300 et
544 3244 650 3302 marnis
663 3262 699 3302 11
710 3235 827 3301 vomere
839 3243 909 3302 lassi

222 3341 385 3400 Nescierint
398 3341 484 3418 primi
497 3340 608 3417 gladios
621 3342 776 3399 extendere
788 3337 872 3399 fabri.

182 3473 190 3490 .
222 3437 390 3513 Aspicimus
403 3438 534 3515 populos,
550 3455 674 3512 quorum
687 3457 747 3497 non
760 3439 865 3498 suffieit
879 3437 930 3498 irae

223 3535 368 3594 Occidisse
381 3535 527 3612 aliquem
549 3536 601 3595 sed
613 3543 740 3612 pectora,
755 3537 882 3612 brachia,
896 3538 1012 3598 vultum
1119 3536 1179 3598 170

223 3631 406 3692 crediderint
419 3653 510 3712 genus
522 3651 583 3694 esse
596 3635 663 3695 cibi.
705 3634 786 3706 Quid
798 3636 906 3694 diceret
919 3653 995 3712 ergo,

222 3727 279 3786 Vel
292 3745 351 3802 quo
364 3748 423 3788 non
435 3729 556 3807 fugeret,
570 3731 596 3790 si
607 3749 686 3789 nune
698 3731 762 3790 haec
775 3739 904 3790 monstra
916 3733 1026 3790 videret

222 3825 414 3903 Pythagoras,
429 3829 539 3887 cunctis
552 3828 728 3888 animalibus
742 3829 883 3887 abstinuit
897 3829 947 3900 qui

222 3923 379 3997 Tanquam
392 3925 509 3984 homine
522 3933 552 3984 et
564 3925 659 3984 ventri
672 3923 794 3983 indulsit
806 3942 865 3982 non
878 3941 963 3980 omne
976 3919 1131 3995 legumen?
