<?xml version="1.0" encoding="UTF-8"?>
<!DOCTYPE html PUBLIC "-//W3C//DTD XHTML 1.0 Transitional//EN"
    "http://www.w3.org/TR/xhtml1/DTD/xhtml1-transitional.dtd">
<html xmlns="http://www.w3.org/1999/xhtml" xml:lang="en" lang="en">
 <head>
  <title>
</title>
<meta http-equiv="Content-Type" content="text/html;charset=utf-8" />
  <meta name='ocr-system' content='tesseract 3.04.00' />
  <meta name='ocr-capabilities' content='ocr_page ocr_carea ocr_par ocr_line ocrx_word'/>
</head>
<body>
  <div class='ocr_page' id='page_1' title='image "./satiresjuvenala00juvegoog_0096.png"; bbox 0 0 2702 4354; ppageno 0'>
   <div class='ocr_carea' id='block_1_1' title="bbox 483 365 796 433">
    <p class='ocr_par' dir='ltr' id='par_1_1' title="bbox 483 365 796 433">
     <span class='ocr_line' id='line_1_1' title="bbox 483 365 796 433; baseline 0 -27"><span class='ocrx_word' id='word_1_1' title='bbox 483 423 488 433; x_wconf 45' lang='grc' dir='ltr'>Ι</span> <span class='ocrx_word' id='word_1_2' title='bbox 608 365 722 408; x_wconf 80' lang='lat' dir='ltr'>SATIRA</span> <span class='ocrx_word' id='word_1_3' title='bbox 745 367 796 407; x_wconf 82' lang='lat' dir='ltr'>XV.</span> 
     </span>
    </p>
   </div>
   <div class='ocr_carea' id='block_1_2' title="bbox 577 763 823 823">
    <p class='ocr_par' dir='ltr' id='par_1_2' title="bbox 577 763 823 823">
     <span class='ocr_line' id='line_1_2' title="bbox 577 763 823 823; baseline -0.012 -1"><span class='ocrx_word' id='word_1_4' title='bbox 577 763 734 823; x_wconf 81' lang='lat' dir='ltr'><strong>SATIRA</strong></span> <span class='ocrx_word' id='word_1_5' title='bbox 753 765 823 823; x_wconf 91' lang='lat' dir='ltr'>XV.</span> 
     </span>
    </p>
   </div>
   <div class='ocr_carea' id='block_1_3' title="bbox 222 891 1184 2814">
    <p class='ocr_par' dir='ltr' id='par_1_3' title="bbox 224 891 968 1258">
     <span class='ocr_line' id='line_1_3' title="bbox 225 891 951 970; baseline 0.01 -23"><span class='ocrx_word' id='word_1_6' title='bbox 225 891 302 962; x_wconf 80' lang='lat' dir='ltr'>Qurs</span> <span class='ocrx_word' id='word_1_7' title='bbox 315 894 414 965; x_wconf 87' lang='lat' dir='ltr'>nescit,</span> <span class='ocrx_word' id='word_1_8' title='bbox 426 892 531 952; x_wconf 88' lang='lat' dir='ltr'>Volusi</span> <span class='ocrx_word' id='word_1_9' title='bbox 543 894 708 970; x_wconf 81' lang='lat' dir='ltr'>Bithynice,</span> <span class='ocrx_word' id='word_1_10' title='bbox 724 896 822 968; x_wconf 87' lang='lat' dir='ltr'>qualia</span> <span class='ocrx_word' id='word_1_11' title='bbox 834 895 951 954; x_wconf 83' lang='lat' dir='ltr'>demens</span> 
     </span>
     <span class='ocr_line' id='line_1_4' title="bbox 225 988 961 1064; baseline 0.005 -20"><span class='ocrx_word' id='word_1_12' title='bbox 225 988 373 1064; x_wconf 85' lang='lat' dir='ltr'>AEgyptus</span> <span class='ocrx_word' id='word_1_13' title='bbox 386 997 521 1064; x_wconf 87' lang='lat' dir='ltr'>portenta</span> <span class='ocrx_word' id='word_1_14' title='bbox 533 991 631 1048; x_wconf 77' lang='lat' dir='ltr'>colatl·</span> <span class='ocrx_word' id='word_1_15' title='bbox 673 991 845 1050; x_wconf 86' lang='lat' dir='ltr'>Crocodilon</span> <span class='ocrx_word' id='word_1_16' title='bbox 859 993 961 1048; x_wconf 86' lang='lat' dir='ltr'>adorat</span> 
     </span>
     <span class='ocr_line' id='line_1_5' title="bbox 224 1085 968 1162; baseline 0.003 -20"><span class='ocrx_word' id='word_1_17' title='bbox 224 1087 298 1142; x_wconf 89' lang='lat' dir='ltr'>Pars</span> <span class='ocrx_word' id='word_1_18' title='bbox 313 1085 382 1156; x_wconf 90' lang='lat' dir='ltr'>haec,</span> <span class='ocrx_word' id='word_1_19' title='bbox 395 1085 447 1143; x_wconf 89' lang='lat' dir='ltr'>illa</span> <span class='ocrx_word' id='word_1_20' title='bbox 459 1093 548 1162; x_wconf 87' lang='lat' dir='ltr'>pavet</span> <span class='ocrx_word' id='word_1_21' title='bbox 562 1093 691 1144; x_wconf 85' lang='lat' dir='ltr'>saturam</span> <span class='ocrx_word' id='word_1_22' title='bbox 705 1089 884 1162; x_wconf 80' lang='lat' dir='ltr'><strong>serpentibus</strong></span> <span class='ocrx_word' id='word_1_23' title='bbox 897 1087 968 1146; x_wconf 89' lang='lat' dir='ltr'><strong>ibin.</strong></span> 
     </span>
     <span class='ocr_line' id='line_1_6' title="bbox 224 1181 832 1258; baseline 0.002 -19"><span class='ocrx_word' id='word_1_24' title='bbox 224 1181 342 1258; x_wconf 87' lang='lat' dir='ltr'>Effigies</span> <span class='ocrx_word' id='word_1_25' title='bbox 356 1183 431 1240; x_wconf 90' lang='lat' dir='ltr'>sacri</span> <span class='ocrx_word' id='word_1_26' title='bbox 444 1183 519 1242; x_wconf 89' lang='lat' dir='ltr'>nitet</span> <span class='ocrx_word' id='word_1_27' title='bbox 533 1199 621 1241; x_wconf 89' lang='lat' dir='ltr'>aurea</span> <span class='ocrx_word' id='word_1_28' title='bbox 635 1184 832 1258; x_wconf 82' lang='lat' dir='ltr'>cercopitheci,</span> 
     </span>
    </p>

    <p class='ocr_par' dir='ltr' id='par_1_4' title="bbox 223 1278 1008 1572">
     <span class='ocr_line' id='line_1_7' title="bbox 223 1278 1008 1356; baseline 0 -20"><span class='ocrx_word' id='word_1_29' title='bbox 223 1278 355 1338; x_wconf 91' lang='lat' dir='ltr'>Dimidio</span> <span class='ocrx_word' id='word_1_30' title='bbox 368 1279 489 1356; x_wconf 82' lang='lat' dir='ltr'>magicae</span> <span class='ocrx_word' id='word_1_31' title='bbox 502 1286 638 1338; x_wconf 88' lang='lat' dir='ltr'>resonant</span> <span class='ocrx_word' id='word_1_32' title='bbox 651 1279 702 1338; x_wconf 92' lang='lat' dir='ltr'>ubi</span> <span class='ocrx_word' id='word_1_33' title='bbox 715 1279 871 1338; x_wconf 79' lang='lat' dir='ltr'>Memnone</span> <span class='ocrx_word' id='word_1_34' title='bbox 884 1280 1008 1353; x_wconf 83' lang='lat' dir='ltr'>chordas,</span> 
     </span>
     <span class='ocr_line' id='line_1_8' title="bbox 223 1375 999 1453; baseline -0.003 -17"><span class='ocrx_word' id='word_1_35' title='bbox 223 1379 324 1453; x_wconf 84' lang='lat' dir='ltr'><strong>Atque</strong></span> <span class='ocrx_word' id='word_1_36' title='bbox 337 1385 421 1437; x_wconf 88' lang='lat' dir='ltr'>vetus</span> <span class='ocrx_word' id='word_1_37' title='bbox 434 1378 534 1434; x_wconf 86' lang='lat' dir='ltr'>Thebe</span> <span class='ocrx_word' id='word_1_38' title='bbox 548 1385 664 1435; x_wconf 87' lang='lat' dir='ltr'>eentum</span> <span class='ocrx_word' id='word_1_39' title='bbox 673 1375 754 1451; x_wconf 88' lang='lat' dir='ltr'>jacet</span> <span class='ocrx_word' id='word_1_40' title='bbox 766 1378 872 1434; x_wconf 86' lang='lat' dir='ltr'>obruta</span> <span class='ocrx_word' id='word_1_41' title='bbox 898 1377 999 1451; x_wconf 87' lang='lat' dir='ltr'>portis.</span> 
     </span>
     <span class='ocr_line' id='line_1_9' title="bbox 224 1473 839 1572; baseline 0 -40"><span class='ocrx_word' id='word_1_42' title='bbox 224 1477 291 1535; x_wconf 91' lang='lat' dir='ltr'>Illic</span> <span class='ocrx_word' id='word_1_43' title='bbox 304 1476 427 1549; x_wconf 87' lang='lat' dir='ltr'>aeluros,</span> <span class='ocrx_word' id='word_1_44' title='bbox 442 1476 490 1534; x_wconf 87' lang='lat' dir='ltr'>hie</span> <span class='ocrx_word' id='word_1_45' title='bbox 504 1475 611 1552; x_wconf 82' lang='lat' dir='ltr'>piscem</span> <span class='ocrx_word' id='word_1_46' title='bbox 625 1474 762 1546; x_wconf 85' lang='lat' dir='ltr'>fluminis,</span> <span class='ocrx_word' id='word_1_47' title='bbox 778 1473 839 1572; x_wconf 69' lang='lat' dir='ltr'>illic</span> 
     </span>
    </p>

    <p class='ocr_par' dir='ltr' id='par_1_5' title="bbox 222 1563 1184 2814">
     <span class='ocr_line' id='line_1_10' title="bbox 225 1563 985 1648; baseline -0.003 -16"><span class='ocrx_word' id='word_1_48' title='bbox 225 1574 341 1648; x_wconf 90' lang='lat' dir='ltr'>Oppida</span> <span class='ocrx_word' id='word_1_49' title='bbox 354 1582 418 1632; x_wconf 91' lang='lat' dir='ltr'>tota</span> <span class='ocrx_word' id='word_1_50' title='bbox 431 1563 532 1632; x_wconf 78' lang='lat' dir='ltr'>canem</span> <span class='ocrx_word' id='word_1_51' title='bbox 546 1580 733 1644; x_wconf 88' lang='lat' dir='ltr'>venerantur,</span> <span class='ocrx_word' id='word_1_52' title='bbox 748 1590 834 1630; x_wconf 91' lang='lat' dir='ltr'>nemo</span> <span class='ocrx_word' id='word_1_53' title='bbox 848 1573 985 1630; x_wconf 79' lang='lat' dir='ltr'>Dianam.</span> 
     </span>
     <span class='ocr_line' id='line_1_11' title="bbox 224 1669 1011 1747; baseline 0.001 -20"><span class='ocrx_word' id='word_1_54' title='bbox 224 1672 347 1728; x_wconf 79' lang='lat' dir='ltr'>Portum</span> <span class='ocrx_word' id='word_1_55' title='bbox 362 1679 391 1728; x_wconf 90' lang='lat' dir='ltr'>et</span> <span class='ocrx_word' id='word_1_56' title='bbox 405 1689 482 1747; x_wconf 87' lang='lat' dir='ltr'>caepe</span> <span class='ocrx_word' id='word_1_57' title='bbox 494 1669 575 1728; x_wconf 85' lang='lat' dir='ltr'>nefas</span> <span class='ocrx_word' id='word_1_58' title='bbox 589 1669 701 1728; x_wconf 88' lang='lat' dir='ltr'>violare</span> <span class='ocrx_word' id='word_1_59' title='bbox 715 1677 745 1728; x_wconf 89' lang='lat' dir='ltr'>et</span> <span class='ocrx_word' id='word_1_60' title='bbox 758 1669 890 1746; x_wconf 84' lang='lat' dir='ltr'><strong>frangere</strong></span> <span class='ocrx_word' id='word_1_61' title='bbox 904 1687 1011 1728; x_wconf 86' lang='lat' dir='ltr'>morsu.</span> 
     </span>
     <span class='ocr_line' id='line_1_12' title="bbox 224 1765 1184 1843; baseline -0.003 -16"><span class='ocrx_word' id='word_1_62' title='bbox 224 1767 252 1827; x_wconf 94' lang='grc' dir='ltr'><strong>Ο</strong></span> <span class='ocrx_word' id='word_1_63' title='bbox 265 1775 379 1826; x_wconf 87' lang='lat' dir='ltr'>sanctas</span> <span class='ocrx_word' id='word_1_64' title='bbox 392 1776 499 1843; x_wconf 83' lang='lat' dir='ltr'><strong>gentes,</strong></span> <span class='ocrx_word' id='word_1_65' title='bbox 511 1769 617 1843; x_wconf 89' lang='lat' dir='ltr'>quibus</span> <span class='ocrx_word' id='word_1_66' title='bbox 630 1769 693 1826; x_wconf 84' lang='lat' dir='ltr'>haee</span> <span class='ocrx_word' id='word_1_67' title='bbox 709 1776 870 1826; x_wconf 88' lang='lat' dir='ltr'>nascuntur</span> <span class='ocrx_word' id='word_1_68' title='bbox 882 1768 914 1824; x_wconf 92' lang='lat' dir='ltr'>in</span> <span class='ocrx_word' id='word_1_69' title='bbox 926 1767 1021 1826; x_wconf 86' lang='lat' dir='ltr'>hortis</span> <span class='ocrx_word' id='word_1_70' title='bbox 1146 1765 1184 1824; x_wconf 90' lang='grc'>10</span> 
     </span>
     <span class='ocr_line' id='line_1_13' title="bbox 222 1865 974 1926; baseline 0.001 -3"><span class='ocrx_word' id='word_1_71' title='bbox 222 1865 369 1924; x_wconf 86' lang='lat' dir='ltr'>Numina!</span> <span class='ocrx_word' id='word_1_72' title='bbox 413 1867 536 1925; x_wconf 87' lang='lat' dir='ltr'>Lanatis</span> <span class='ocrx_word' id='word_1_73' title='bbox 549 1867 724 1926; x_wconf 82' lang='lat' dir='ltr'>animalibus</span> <span class='ocrx_word' id='word_1_74' title='bbox 738 1867 865 1924; x_wconf 89' lang='lat' dir='ltr'>abstinet</span> <span class='ocrx_word' id='word_1_75' title='bbox 879 1865 974 1924; x_wconf 84' lang='lat' dir='ltr'>omnis</span> 
     </span>
     <span class='ocr_line' id='line_1_14' title="bbox 222 1960 918 2039; baseline -0.003 -17"><span class='ocrx_word' id='word_1_76' title='bbox 222 1964 346 2031; x_wconf 86' lang='lat' dir='ltr'>Mensa;</span> <span class='ocrx_word' id='word_1_77' title='bbox 366 1960 448 2020; x_wconf 89' lang='lat' dir='ltr'>nefas</span> <span class='ocrx_word' id='word_1_78' title='bbox 460 1963 520 2020; x_wconf 89' lang='lat' dir='ltr'>illie</span> <span class='ocrx_word' id='word_1_79' title='bbox 533 1961 624 2020; x_wconf 88' lang='lat' dir='ltr'>fetum</span> <span class='ocrx_word' id='word_1_80' title='bbox 634 1961 771 2039; x_wconf 83' lang='lat' dir='ltr'>jugulare</span> <span class='ocrx_word' id='word_1_81' title='bbox 784 1963 918 2038; x_wconf 73' lang='lat' dir='ltr'>capellae:</span> 
     </span>
     <span class='ocr_line' id='line_1_15' title="bbox 224 2058 982 2134; baseline 0 -14"><span class='ocrx_word' id='word_1_82' title='bbox 224 2058 369 2120; x_wconf 83' lang='lat' dir='ltr'>Oamibus</span> <span class='ocrx_word' id='word_1_83' title='bbox 383 2059 518 2116; x_wconf 88' lang='lat' dir='ltr'>humanis</span> <span class='ocrx_word' id='word_1_84' title='bbox 529 2060 607 2116; x_wconf 85' lang='lat' dir='ltr'>vesci</span> <span class='ocrx_word' id='word_1_85' title='bbox 619 2059 695 2118; x_wconf 81' lang='lat' dir='ltr'>licet</span> <span class='ocrx_word' id='word_1_86' title='bbox 739 2060 878 2119; x_wconf 89' lang='lat' dir='ltr'>Attonito</span> <span class='ocrx_word' id='word_1_87' title='bbox 890 2077 982 2134; x_wconf 89' lang='lat' dir='ltr'>quum</span> 
     </span>
     <span class='ocr_line' id='line_1_16' title="bbox 222 2154 917 2232; baseline -0.001 -17"><span class='ocrx_word' id='word_1_88' title='bbox 222 2157 298 2216; x_wconf 90' lang='lat' dir='ltr'>Tale</span> <span class='ocrx_word' id='word_1_89' title='bbox 311 2175 399 2232; x_wconf 89' lang='lat' dir='ltr'>super</span> <span class='ocrx_word' id='word_1_90' title='bbox 412 2175 525 2214; x_wconf 82' lang='lat' dir='ltr'>ocenum</span> <span class='ocrx_word' id='word_1_91' title='bbox 538 2154 653 2216; x_wconf 82' lang='lat' dir='ltr'>facinus</span> <span class='ocrx_word' id='word_1_92' title='bbox 667 2166 800 2215; x_wconf 82' lang='lat' dir='ltr'><strong>narraret</strong></span> <span class='ocrx_word' id='word_1_93' title='bbox 813 2159 917 2216; x_wconf 87' lang='lat' dir='ltr'>Ulixes</span> 
     </span>
     <span class='ocr_line' id='line_1_17' title="bbox 223 2245 955 2328; baseline 0.001 -17"><span class='ocrx_word' id='word_1_94' title='bbox 223 2254 363 2328; x_wconf 85' lang='lat' dir='ltr'>Alcinoo,</span> <span class='ocrx_word' id='word_1_95' title='bbox 373 2245 465 2311; x_wconf 83' lang='lat' dir='ltr'>bilem</span> <span class='ocrx_word' id='word_1_96' title='bbox 477 2262 529 2311; x_wconf 92' lang='lat' dir='ltr'>aut</span> <span class='ocrx_word' id='word_1_97' title='bbox 541 2253 633 2312; x_wconf 89' lang='lat' dir='ltr'>risum</span> <span class='ocrx_word' id='word_1_98' title='bbox 647 2252 769 2312; x_wconf 87' lang='lat' dir='ltr'>fortasse</span> <span class='ocrx_word' id='word_1_99' title='bbox 782 2254 955 2328; x_wconf 86' lang='lat' dir='ltr'>quibusdam</span> 
     </span>
     <span class='ocr_line' id='line_1_18' title="bbox 223 2351 1047 2427; baseline 0.001 -21"><span class='ocrx_word' id='word_1_100' title='bbox 223 2351 367 2422; x_wconf 79' lang='lat' dir='ltr'>Moverat,</span> <span class='ocrx_word' id='word_1_101' title='bbox 383 2359 417 2408; x_wconf 94' lang='lat' dir='ltr'>ut</span> <span class='ocrx_word' id='word_1_102' title='bbox 429 2351 556 2409; x_wconf 84' lang='lat' dir='ltr'>mendax</span> <span class='ocrx_word' id='word_1_103' title='bbox 570 2351 744 2427; x_wconf 82' lang='lat' dir='ltr'>aretalogus</span> <span class='ocrx_word' id='word_1_104' title='bbox 788 2353 807 2384; x_wconf 80' lang='lat'>‘⁶</span> <span class='ocrx_word' id='word_1_105' title='bbox 816 2351 854 2408; x_wconf 90' lang='lat' dir='ltr'>Iu</span> <span class='ocrx_word' id='word_1_106' title='bbox 867 2368 948 2408; x_wconf 87' lang='lat' dir='ltr'>mare</span> <span class='ocrx_word' id='word_1_107' title='bbox 961 2366 1047 2408; x_wconf 83' lang='lat' dir='ltr'>nemo</span> 
     </span>
     <span class='ocr_line' id='line_1_19' title="bbox 224 2446 962 2523; baseline -0.001 -18"><span class='ocrx_word' id='word_1_108' title='bbox 224 2448 314 2505; x_wconf 90' lang='lat' dir='ltr'>Hunc</span> <span class='ocrx_word' id='word_1_109' title='bbox 326 2448 423 2519; x_wconf 89' lang='lat' dir='ltr'>abicit,</span> <span class='ocrx_word' id='word_1_110' title='bbox 439 2465 517 2506; x_wconf 87' lang='lat' dir='ltr'>saeva</span> <span class='ocrx_word' id='word_1_111' title='bbox 529 2447 650 2523; x_wconf 82' lang='lat' dir='ltr'>dignum</span> <span class='ocrx_word' id='word_1_112' title='bbox 664 2464 790 2521; x_wconf 87' lang='lat' dir='ltr'>veraque</span> <span class='ocrx_word' id='word_1_113' title='bbox 804 2446 962 2522; x_wconf 83' lang='lat' dir='ltr'>Charybdi,</span> 
     </span>
     <span class='ocr_line' id='line_1_20' title="bbox 224 2541 1047 2620; baseline 0.002 -22"><span class='ocrx_word' id='word_1_114' title='bbox 224 2542 395 2620; x_wconf 87' lang='lat' dir='ltr'>Fingentem</span> <span class='ocrx_word' id='word_1_115' title='bbox 408 2543 549 2602; x_wconf 82' lang='lat' dir='ltr'>immanes</span> <span class='ocrx_word' id='word_1_116' title='bbox 563 2545 767 2620; x_wconf 82' lang='lat' dir='ltr'>Laestrygonas</span> <span class='ocrx_word' id='word_1_117' title='bbox 781 2552 869 2617; x_wconf 88' lang='lat' dir='ltr'>atque</span> <span class='ocrx_word' id='word_1_118' title='bbox 884 2541 1047 2618; x_wconf 75' lang='lat' dir='ltr'>Cyclopast</span> 
     </span>
     <span class='ocr_line' id='line_1_21' title="bbox 224 2639 908 2716; baseline 0.001 -20"><span class='ocrx_word' id='word_1_119' title='bbox 224 2639 303 2697; x_wconf 90' lang='lat' dir='ltr'>Nam</span> <span class='ocrx_word' id='word_1_120' title='bbox 317 2639 401 2698; x_wconf 88' lang='lat' dir='ltr'>citius</span> <span class='ocrx_word' id='word_1_121' title='bbox 415 2640 544 2716; x_wconf 86' lang='lat' dir='ltr'>Scyllam</span> <span class='ocrx_word' id='word_1_122' title='bbox 557 2641 604 2699; x_wconf 90' lang='lat' dir='ltr'>vel</span> <span class='ocrx_word' id='word_1_123' title='bbox 617 2642 822 2700; x_wconf 84' lang='lat' dir='ltr'>concurrentia</span> <span class='ocrx_word' id='word_1_124' title='bbox 834 2657 908 2698; x_wconf 84' lang='lat' dir='ltr'>saxa</span> 
     </span>
     <span class='ocr_line' id='line_1_22' title="bbox 226 2736 839 2814; baseline 0.002 -19"><span class='ocrx_word' id='word_1_125' title='bbox 226 2736 352 2814; x_wconf 84' lang='lat' dir='ltr'>Cyanes,</span> <span class='ocrx_word' id='word_1_126' title='bbox 367 2738 468 2813; x_wconf 89' lang='lat' dir='ltr'>plenos</span> <span class='ocrx_word' id='word_1_127' title='bbox 481 2746 511 2796; x_wconf 89' lang='lat' dir='ltr'>et</span> <span class='ocrx_word' id='word_1_128' title='bbox 524 2740 745 2814; x_wconf 83' lang='lat' dir='ltr'>tempestatibus</span> <span class='ocrx_word' id='word_1_129' title='bbox 759 2745 839 2796; x_wconf 86' lang='lat' dir='ltr'>utres</span> 
     </span>
    </p>
   </div>
   <div class='ocr_carea' id='block_1_4' title="bbox 117 2835 1003 2916">
    <p class='ocr_par' dir='ltr' id='par_1_6' title="bbox 117 2835 1003 2916">
     <span class='ocr_line' id='line_1_23' title="bbox 117 2835 1003 2916; baseline -0.001 -21"><span class='ocrx_word' id='word_1_130' title='bbox 117 2907 120 2916; x_wconf 35' lang='grc' dir='ltr'>Ι</span> <span class='ocrx_word' id='word_1_131' title='bbox 226 2835 413 2908; x_wconf 85' lang='lat' dir='ltr'>Crediderim,</span> <span class='ocrx_word' id='word_1_132' title='bbox 430 2843 483 2894; x_wconf 88' lang='lat' dir='ltr'>aut</span> <span class='ocrx_word' id='word_1_133' title='bbox 496 2837 578 2894; x_wconf 87' lang='lat' dir='ltr'>tenui</span> <span class='ocrx_word' id='word_1_134' title='bbox 591 2855 757 2912; x_wconf 86' lang='lat' dir='ltr'>percussum</span> <span class='ocrx_word' id='word_1_135' title='bbox 771 2838 889 2894; x_wconf 88' lang='lat' dir='ltr'>verbere</span> <span class='ocrx_word' id='word_1_136' title='bbox 903 2835 1003 2896; x_wconf 82' lang='lat' dir='ltr'>Circes</span> 
     </span>
    </p>
   </div>
   <div class='ocr_carea' id='block_1_5' title="bbox 226 2922 1048 3592">
    <p class='ocr_par' dir='ltr' id='par_1_7' title="bbox 226 2922 955 3009">
     <span class='ocr_line' id='line_1_24' title="bbox 226 2922 955 3009; baseline -0.001 -20"><span class='ocrx_word' id='word_1_137' title='bbox 226 2933 267 2989; x_wconf 84' lang='lat' dir='ltr'>Et</span> <span class='ocrx_word' id='word_1_138' title='bbox 281 2950 347 2990; x_wconf 93' lang='lat' dir='ltr'>cum</span> <span class='ocrx_word' id='word_1_139' title='bbox 359 2922 517 3008; x_wconf 82' lang='lat' dir='ltr'>remigibus</span> <span class='ocrx_word' id='word_1_140' title='bbox 530 2933 679 3008; x_wconf 84' lang='lat' dir='ltr'>grunnisse</span> <span class='ocrx_word' id='word_1_141' title='bbox 691 2934 838 3009; x_wconf 88' lang='lat' dir='ltr'>Elpenora</span> <span class='ocrx_word' id='word_1_142' title='bbox 851 2932 955 3008; x_wconf 86' lang='lat' dir='ltr'>porcis.</span> 
     </span>
    </p>

    <p class='ocr_par' dir='ltr' id='par_1_8' title="bbox 226 3029 976 3108">
     <span class='ocr_line' id='line_1_25' title="bbox 226 3029 976 3108; baseline 0.007 -24"><span class='ocrx_word' id='word_1_143' title='bbox 226 3030 302 3085; x_wconf 91' lang='lat' dir='ltr'>Tam</span> <span class='ocrx_word' id='word_1_144' title='bbox 314 3029 401 3086; x_wconf 85' lang='lat' dir='ltr'>vacui</span> <span class='ocrx_word' id='word_1_145' title='bbox 414 3031 516 3104; x_wconf 86' lang='lat' dir='ltr'>eapitis</span> <span class='ocrx_word' id='word_1_146' title='bbox 530 3030 671 3105; x_wconf 92' lang='lat' dir='ltr'>populum</span> <span class='ocrx_word' id='word_1_147' title='bbox 685 3031 810 3089; x_wconf 86' lang='lat' dir='ltr'>Phaeaca</span> <span class='ocrx_word' id='word_1_148' title='bbox 823 3030 976 3108; x_wconf 74' lang='lat' dir='ltr'>putavitl&#39;’</span> 
     </span>
    </p>

    <p class='ocr_par' dir='ltr' id='par_1_9' title="bbox 226 3125 1048 3302">
     <span class='ocr_line' id='line_1_26' title="bbox 227 3125 1048 3201; baseline 0.002 -17"><span class='ocrx_word' id='word_1_149' title='bbox 227 3126 277 3184; x_wconf 89' lang='lat' dir='ltr'>Sic</span> <span class='ocrx_word' id='word_1_150' title='bbox 291 3125 396 3198; x_wconf 90' lang='lat' dir='ltr'>aliquis</span> <span class='ocrx_word' id='word_1_151' title='bbox 409 3127 513 3183; x_wconf 89' lang='lat' dir='ltr'>merito</span> <span class='ocrx_word' id='word_1_152' title='bbox 526 3127 654 3184; x_wconf 90' lang='lat' dir='ltr'>nondum</span> <span class='ocrx_word' id='word_1_153' title='bbox 668 3126 771 3199; x_wconf 89' lang='lat' dir='ltr'>ebrius,</span> <span class='ocrx_word' id='word_1_154' title='bbox 787 3134 817 3184; x_wconf 90' lang='lat' dir='ltr'>et</span> <span class='ocrx_word' id='word_1_155' title='bbox 831 3127 983 3186; x_wconf 89' lang='lat' dir='ltr'>minimum</span> <span class='ocrx_word' id='word_1_156' title='bbox 996 3127 1048 3201; x_wconf 86' lang='lat' dir='ltr'>qui</span> 
     </span>
     <span class='ocr_line' id='line_1_27' title="bbox 226 3221 838 3302; baseline 0.002 -23"><span class='ocrx_word' id='word_1_157' title='bbox 226 3224 274 3280; x_wconf 92' lang='lat' dir='ltr'>De</span> <span class='ocrx_word' id='word_1_158' title='bbox 288 3221 442 3302; x_wconf 81' lang='lat' dir='ltr'>Corcyraea</span> <span class='ocrx_word' id='word_1_159' title='bbox 455 3229 594 3282; x_wconf 85' lang='lat' dir='ltr'>temetum</span> <span class='ocrx_word' id='word_1_160' title='bbox 610 3223 734 3282; x_wconf 87' lang='lat' dir='ltr'>duxerat</span> <span class='ocrx_word' id='word_1_161' title='bbox 747 3241 838 3280; x_wconf 86' lang='lat' dir='ltr'>urna:</span> 
     </span>
    </p>

    <p class='ocr_par' dir='ltr' id='par_1_10' title="bbox 226 3321 1005 3592">
     <span class='ocr_line' id='line_1_28' title="bbox 228 3321 1005 3381; baseline -0.001 -2"><span class='ocrx_word' id='word_1_162' title='bbox 228 3321 314 3380; x_wconf 87' lang='lat' dir='ltr'>Solus</span> <span class='ocrx_word' id='word_1_163' title='bbox 329 3322 405 3379; x_wconf 88' lang='lat' dir='ltr'>enirn</span> <span class='ocrx_word' id='word_1_164' title='bbox 418 3321 482 3380; x_wconf 86' lang='lat' dir='ltr'>haec</span> <span class='ocrx_word' id='word_1_165' title='bbox 495 3322 616 3380; x_wconf 89' lang='lat' dir='ltr'>Ithacus</span> <span class='ocrx_word' id='word_1_166' title='bbox 629 3322 710 3379; x_wconf 92' lang='lat' dir='ltr'>nullo</span> <span class='ocrx_word' id='word_1_167' title='bbox 723 3322 777 3380; x_wconf 87' lang='lat' dir='ltr'>sub</span> <span class='ocrx_word' id='word_1_168' title='bbox 790 3329 863 3379; x_wconf 88' lang='lat' dir='ltr'>teste</span> <span class='ocrx_word' id='word_1_169' title='bbox 877 3324 1005 3381; x_wconf 88' lang='lat' dir='ltr'>canebat.</span> 
     </span>
     <span class='ocr_line' id='line_1_29' title="bbox 226 3418 982 3496; baseline 0.003 -20"><span class='ocrx_word' id='word_1_170' title='bbox 226 3418 291 3477; x_wconf 85' lang='lat' dir='ltr'>Nos</span> <span class='ocrx_word' id='word_1_171' title='bbox 305 3419 439 3478; x_wconf 86' lang='lat' dir='ltr'>miranda</span> <span class='ocrx_word' id='word_1_172' title='bbox 452 3420 577 3494; x_wconf 83' lang='lat' dir='ltr'>quidem,</span> <span class='ocrx_word' id='word_1_173' title='bbox 592 3421 642 3478; x_wconf 87' lang='lat' dir='ltr'>sed</span> <span class='ocrx_word' id='word_1_174' title='bbox 656 3437 748 3496; x_wconf 89' lang='lat' dir='ltr'>nuper</span> <span class='ocrx_word' id='word_1_175' title='bbox 762 3419 878 3478; x_wconf 85' lang='lat' dir='ltr'>consule</span> <span class='ocrx_word' id='word_1_176' title='bbox 890 3421 982 3478; x_wconf 83' lang='lat' dir='ltr'>Junio</span> 
     </span>
     <span class='ocr_line' id='line_1_30' title="bbox 229 3515 932 3592; baseline 0 -18"><span class='ocrx_word' id='word_1_177' title='bbox 229 3515 320 3574; x_wconf 88' lang='lat' dir='ltr'>Gesta</span> <span class='ocrx_word' id='word_1_178' title='bbox 333 3534 419 3592; x_wconf 87' lang='lat' dir='ltr'>super</span> <span class='ocrx_word' id='word_1_179' title='bbox 432 3518 533 3574; x_wconf 81' lang='lat' dir='ltr'>calidae</span> <span class='ocrx_word' id='word_1_180' title='bbox 546 3515 701 3576; x_wconf 86' lang='lat' dir='ltr'>referemus</span> <span class='ocrx_word' id='word_1_181' title='bbox 715 3517 825 3576; x_wconf 88' lang='lat' dir='ltr'>moenia</span> <span class='ocrx_word' id='word_1_182' title='bbox 835 3517 932 3592; x_wconf 87' lang='lat' dir='ltr'>Copti,</span> 
     </span>
    </p>
   </div>
   <div class='ocr_carea' id='block_1_6' title="bbox 229 3611 1185 3976">
    <p class='ocr_par' dir='ltr' id='par_1_11' title="bbox 229 3611 992 3690">
     <span class='ocr_line' id='line_1_31' title="bbox 229 3611 992 3690; baseline -0.001 -21"><span class='ocrx_word' id='word_1_183' title='bbox 229 3611 290 3670; x_wconf 87' lang='lat' dir='ltr'>Nos</span> <span class='ocrx_word' id='word_1_184' title='bbox 303 3613 384 3690; x_wconf 85' lang='lat' dir='ltr'>vulgi</span> <span class='ocrx_word' id='word_1_185' title='bbox 398 3615 491 3675; x_wconf 87' lang='lat' dir='ltr'>scelus</span> <span class='ocrx_word' id='word_1_186' title='bbox 504 3622 534 3670; x_wconf 90' lang='lat' dir='ltr'>et</span> <span class='ocrx_word' id='word_1_187' title='bbox 549 3615 661 3672; x_wconf 88' lang='lat' dir='ltr'>cunctis</span> <span class='ocrx_word' id='word_1_188' title='bbox 687 3614 820 3690; x_wconf 79' lang='lat' dir='ltr'>graviora</span> <span class='ocrx_word' id='word_1_189' title='bbox 834 3612 992 3672; x_wconf 86' lang='lat' dir='ltr'>cothurnis.</span> 
     </span>
    </p>

    <p class='ocr_par' dir='ltr' id='par_1_12' title="bbox 229 3708 1185 3880">
     <span class='ocr_line' id='line_1_32' title="bbox 229 3708 1185 3785; baseline -0.001 -19"><span class='ocrx_word' id='word_1_190' title='bbox 229 3708 308 3766; x_wconf 86' lang='lat' dir='ltr'>Nam</span> <span class='ocrx_word' id='word_1_191' title='bbox 321 3710 421 3782; x_wconf 84' lang='lat' dir='ltr'>scelus,</span> <span class='ocrx_word' id='word_1_192' title='bbox 433 3729 451 3768; x_wconf 89' lang='lat' dir='ltr'>a</span> <span class='ocrx_word' id='word_1_193' title='bbox 461 3710 575 3785; x_wconf 88' lang='lat' dir='ltr'>Pyrrha</span> <span class='ocrx_word' id='word_1_194' title='bbox 585 3713 762 3783; x_wconf 87' lang='lat' dir='ltr'>quamquam</span> <span class='ocrx_word' id='word_1_195' title='bbox 776 3710 875 3766; x_wconf 87' lang='lat' dir='ltr'>omnia</span> <span class='ocrx_word' id='word_1_196' title='bbox 888 3715 1017 3784; x_wconf 86' lang='lat' dir='ltr'>syrmata</span> <span class='ocrx_word' id='word_1_197' title='bbox 1027 3708 1135 3779; x_wconf 87' lang='lat' dir='ltr'>volvas,</span> <span class='ocrx_word' id='word_1_198' title='bbox 1145 3709 1185 3765; x_wconf 89' lang='lat'>30</span> 
     </span>
     <span class='ocr_line' id='line_1_33' title="bbox 229 3803 1071 3880; baseline -0.002 -19"><span class='ocrx_word' id='word_1_199' title='bbox 229 3803 337 3862; x_wconf 88' lang='lat' dir='ltr'>Nullus</span> <span class='ocrx_word' id='word_1_200' title='bbox 351 3807 430 3880; x_wconf 90' lang='lat' dir='ltr'>apud</span> <span class='ocrx_word' id='word_1_201' title='bbox 442 3807 568 3880; x_wconf 83' lang='lat' dir='ltr'>tragicos</span> <span class='ocrx_word' id='word_1_202' title='bbox 581 3806 705 3880; x_wconf 87' lang='lat' dir='ltr'>populus</span> <span class='ocrx_word' id='word_1_203' title='bbox 717 3804 796 3861; x_wconf 85' lang='lat' dir='ltr'>facit.</span> <span class='ocrx_word' id='word_1_204' title='bbox 837 3804 956 3878; x_wconf 88' lang='lat' dir='ltr'>Accipe,</span> <span class='ocrx_word' id='word_1_205' title='bbox 971 3811 1071 3861; x_wconf 89' lang='lat' dir='ltr'>nostro</span> 
     </span>
    </p>

    <p class='ocr_par' dir='ltr' id='par_1_13' title="bbox 230 3899 950 3976">
     <span class='ocr_line' id='line_1_34' title="bbox 230 3899 950 3976; baseline -0.01 -17"><span class='ocrx_word' id='word_1_206' title='bbox 230 3901 306 3959; x_wconf 92' lang='lat' dir='ltr'>Dira</span> <span class='ocrx_word' id='word_1_207' title='bbox 319 3901 396 3975; x_wconf 91' lang='lat' dir='ltr'>quod</span> <span class='ocrx_word' id='word_1_208' title='bbox 408 3902 573 3976; x_wconf 88' lang='lat' dir='ltr'>exemplum</span> <span class='ocrx_word' id='word_1_209' title='bbox 585 3899 685 3958; x_wconf 86' lang='lat' dir='ltr'>feritas</span> <span class='ocrx_word' id='word_1_210' title='bbox 698 3900 867 3975; x_wconf 86' lang='lat' dir='ltr'>produxerit</span> <span class='ocrx_word' id='word_1_211' title='bbox 880 3917 950 3956; x_wconf 86' lang='lat' dir='ltr'>aevo.</span> 
     </span>
    </p>
   </div>
   <div class='ocr_carea' id='block_1_7' title="bbox 0 0 1358 4354">
    <p class='ocr_par' dir='ltr' id='par_1_14' title="bbox 0 0 1358 4354">
     <span class='ocr_line' id='line_1_35' title="bbox 0 0 1358 4354; baseline 0 0"><span class='ocrx_word' id='word_1_212' title='bbox 0 0 1358 4354; x_wconf 95' lang='lat' dir='ltr'> </span> 
     </span>
    </p>
   </div>
  </div>
 </body>
</html>
