2654 4348
154 332 195 393 30
353 323 357 330 ’
378 342 387 358 ·
461 351 492 392 n.
511 351 600 394 Juuu
623 349 800 394 cursurum

153 483 333 556 “Quantum
348 483 393 540 vis
407 483 554 558 stipulare,
569 491 599 542 et
612 485 744 560 protinus
758 483 858 559 accipe
871 485 950 558 quod
962 486 1009 560 do,
1097 471 1098 475 Ἰ

152 580 197 636 Ut
210 579 297 636 toties
309 579 395 638 illum
408 593 492 656 pater
504 581 632 638 audiat.''
675 581 749 637 Haec
762 580 814 637 ulii
827 598 879 638 sex

152 677 209 734 Vel
222 675 319 752 plures
335 693 393 733 uno
407 675 590 734 conclamant
603 673 654 734 bre
667 677 813 751 sophista,

152 775 194 834 Et
207 792 290 832 veras
304 773 418 850 agitant
431 773 507 846 lites,
522 781 639 850 raptore
652 773 770 840 relicto;

153 874 233 931 Fusa
247 890 358 930 venena
372 872 465 944 silent,
480 871 576 929 malus
590 873 779 948 ingratusque
791 873 924 946 maritus,

153 973 194 1028 Et
208 991 273 1046 quae
282 971 345 1046 jam
359 983 469 1029 veteres
483 977 587 1028 sanant
601 972 743 1028 mortaria
757 989 857 1029 caecos,
1054 974 1112 1034 170

153 1071 231 1146 Ergo
245 1070 300 1128 sibi
313 1069 395 1128 dabit
408 1068 470 1145 ipse
483 1069 593 1140 rudem,
609 1068 635 1125 si
649 1075 752 1125 nostra
766 1071 923 1126 movebunt

154 1166 293 1240 Consilia,
308 1176 338 1224 et
352 1167 421 1224 vitae
434 1168 580 1225 diversum
594 1166 650 1224 iter
664 1166 851 1242 ingredietur,

153 1263 203 1322 Ad
216 1283 344 1342 pugnam
358 1265 410 1339 qui
419 1249 569 1322 'rhetorica
582 1264 729 1322 descendit
743 1265 782 1321 ab
795 1267 908 1336 umbra,

154 1361 357 1420 Summulane
370 1371 477 1439 pereat,
493 1381 554 1437 qua
566 1363 633 1420 vilis
647 1363 847 1419 tessera-venit
863 1391 868 1402 ·
884 1357 886 1362 ’

154 1460 325 1518 Frumenti:
348 1461 457 1536 quippe
469 1461 532 1518 haec
544 1477 654 1517 merces
669 1458 839 1517 lautissima.
878 1461 986 1532 Teuta,

154 1557 360 1635 Chrysogonus
373 1557 475 1632 quanti
490 1559 600 1629 doceat,
616 1556 664 1614 vel
677 1556 774 1612 Pollio
787 1557 890 1630 quanti

153 1650 316 1708 Lautorum
329 1667 443 1725 pueros,
458 1657 550 1706 artem
563 1648 675 1706 'scindes
687 1647 843 1708 Theodori.

93 1797 97 1808 .
153 1749 266 1806 Balnea
279 1748 421 1806 sexcentis
434 1755 463 1804 et
476 1746 568 1822 pluris
582 1747 728 1822 porticus‚'
736 1747 768 1804 in
782 1766 841 1821 qua

154 1847 293 1904 Gestatur
306 1845 448 1916 dominus,
463 1843 576 1917 quoties
589 1844 673 1918 pluit.
716 1843 805 1900 Anne
818 1860 951 1902 serenum
1052 1868 1054 1872 ·

153 1944 313 2018 Exspectet
327 1949 501 2018 spargatque
514 1941 579 1999 luto
588 1940 722 2014 jumenta
735 1943 864 2000 recenti?
1053 1944 1111 2002 180

153 2041 213 2098 Hic
227 2041 339 2116 potius:
361 2057 488 2112 namque
501 2039 551 2097 hic
564 2039 680 2096 mundae
694 2039 769 2097 nitet
783 2041 894 2115 ungula
907 2039 1003 2098 mulae.

152 2139 241 2196 Parte
255 2138 314 2196 alia
326 2139 420 2214 longis
429 2137 625 2220 Numidarum
639 2134 715 2196 fulta
729 2136 870 2194 columnis

154 2235 270 2312 Surgat‚
286 2244 315 2293 ct
329 2236 472 2312 algentem
487 2235 584 2309 rapiat
598 2234 725 2291 coenatio
738 2234 835 2292 solem.

154 2333 379 2407 Quanticunque
393 2321 505 2403 domus,
521 2331 618 2388 veniet
631 2331 683 2404 qui
696 2328 806 2388 fercula
820 2331 905 2389 docte

154 2427 335 2504 Compon‘at3
357 2429 454 2486 veniet
467 2428 519 2502 qui
532 2429 727 2502 pulmentaria
742 2428 857 2485 condat.

153 2526 219 2582 Hos
231 2527 309 2583 inter
321 2533 434 2584 sumtus
447 2525 579 2582 sestertia
593 2525 786 2596 Quintiliano,

43 2676 46 2681 .
153 2623 197 2678 Ut
210 2623 343 2694 multum,
359 2622 417 2679 duo
431 2621 589 2680 sufficient:
612 2639 658 2678 res
671 2622 753 2678 nulla
767 2621 887 2680 minoris

155 2720 308 2778 Constabit
321 2720 406 2794 patri,
422 2737 510 2794 quam
523 2720 608 2776 filius.
652 2719 766 2776 “Unde
780 2721 872 2795 igitur
885 2729 929 2778 tot
949 2793 955 2806 ·

154 2816 354 2887 Quintilianus
366 2817 454 2874 habet
467 2817 596 2874 saltusl''
638 2815 785 2891 Exemplo
797 2835 940 2875 novorum
1020 2870 1023 2874 .

153 2915 296 2972 Fatorum
309 2915 410 2974 transi.
452 2915 539 2972 Felix
551 2922 581 2972 et
594 2915 715 2991 pulcher
728 2922 757 2971 et
771 2933 854 2982 accr3
1052 2917 1109 2975 190

153 3011 241 3070 Felix
254 3021 283 3072 et
296 3014 411 3088 sapiens
425 3019 454 3070 et
467 3011 573 3071 nobilis
585 3020 615 3069 et
628 3031 792 3088 generosus,

153 3111 329 3187 Appositem
342 3113 432 3187 nigrae
446 3111 546 3168 lunam
561 3112 690 3168 subtexit
703 3112 805 3168 alutae:

154 3209 249 3280 Felix,
264 3213 364 3267 orator
376 3227 491 3283 quoque
504 3209 653 3266 maximus
667 3215 696 3265 et
706 3207 871 3282 jaculator:
929 3253 933 3262 .

154 3305 194 3362 Et
208 3306 232 3361 si
246 3302 387 3379 perfn'xit,
402 3312 502 3364 cantat
516 3307 596 3364 bene.
638 3306 740 3363 Distat
753 3307 839 3378 enim,
854 3325 918 3380 quae

154 3402 257 3458 Sidera
271 3409 301 3459 te
315 3403 462 3478 excipiant
475 3403 560 3460 modo
573 3403 682 3478 primos
695 3403 881 3478 incipientem

154 3499 248 3557 Edere
261 3501 376 3577 vagitus
388 3509 418 3558 et
431 3503 527 3559 adhuc
540 3520 559 3559 a
570 3497 666 3558 ma'tre
680 3503 839 3560 rubentem.

154 3599 187 3656 Si
201 3598 332 3656 Fortuna
345 3598 431 3671 volet,
446 3600 497 3656 fies
510 3600 546 3656 de
558 3600 673 3656 rhetore
688 3597 814 3656 Consul:

154 3696 187 3755 Si
200 3698 279 3755 volet
292 3699 355 3755 haec
369 3697 476 3768 eadem,
491 3697 542 3752 fies
557 3696 591 3752 de
606 3695 731 3754 Consule
744 3695 851 3754 rhetor.
864 3711 867 3720 ¹

153 3787 310 3850 Ventidius
324 3793 394 3867 quid
408 3793 505 3848 enim?
527 3791 597 3865 quid
611 3791 748 3849 Tullius?
771 3809 845 3850 enne
860 3793 948 3866 aliud,
962 3811 1051 3867 quam
