2672 4350
606 359 723 400 saman
746 357 803 398 Vll.

224 455 361 572 fongilli,
378 512 564 570 magnacum
578 491 758 548 rhinocerote
770 488 863 548 lavari

225 595 283 666 Qui
298 593 380 662 solet,
393 601 422 648 et
436 599 524 654 vexat
537 588 683 647 lutulenta
697 587 802 644 balnea
816 588 911 660 turba,

224 693 338 764 Perque
353 688 447 746 forum
456 687 579 762 juvenes
595 687 682 770 longo
696 687 802 760 premit
817 703 911 744 assere
923 684 1035 758 Medos,

224 787 366 844 Emturus
381 803 492 860 pueros,
507 766 842 860 argentummur'rhina,
858 783 959 842 villas:
1000 837 1007 854 ,

225 885 355 961 Spondet
368 885 445 942 enim
459 882 551 958 Tyrio
565 881 911 958 stlatariapurpurafilo.

225 983 266 1040 Et
280 989 379 1038 tamen
393 989 437 1038 est
449 980 508 1038 illis
522 981 577 1037 hoc
593 979 681 1037 utile:
703 998 833 1055 purpura
846 980 945 1038 vendit

225 1079 422 1151 Causidicum,
437 1078 569 1136 vendunt
581 1077 794 1154 amethystina:
816 1078 951 1136 convenit
963 1077 1022 1136 illis
1051 1137 1053 1142 ,

225 1177 266 1234 Et
280 1177 404 1251 strepitu
418 1183 448 1233 et
463 1175 536 1234 facie
550 1174 670 1250 majoris
683 1175 780 1234 vivere
793 1194 900 1234 census

225 1273 283 1333 Sed
296 1275 383 1331 finem
396 1274 533 1348 impensae
546 1292 605 1330 non
620 1281 715 1330 servat
730 1273 850 1350 prodiga
862 1275 965 1332 Ruina

163 1401 169 1410 ·
225 1373 358 1430 Fidimus
372 1373 509 1447 eloquio?
553 1371 688 1431 Ciceroni
701 1372 939 1433 nemoducentos
1017 1399 1020 1406 ·

224 1470 312 1528 Nunc
325 1470 435 1528 dederit
448 1457 592 1542 nummos,
607 1469 663 1527 nisi
677 1466 790 1528 fulserit
802 1468 1051 1546 annulusingens.
1126 1469 1183 1528 140

225 1569 354 1645 Respicit
367 1569 430 1626 haec
442 1569 580 1644 primum,
595 1567 647 1641 qui
660 1567 766 1642 litigat,
782 1585 820 1624 an
834 1567 888 1624 tibi
902 1567 978 1624 servi

226 1667 310 1738 Octo,
326 1667 425 1724 decem
439 1667 567 1737 comites,
584 1684 621 1722 an
636 1672 701 1740 post
714 1673 743 1722 te
756 1665 836 1738 sella,
850 1665 943 1741 togati

225 1763 308 1821 Ante
320 1764 414 1839 pedes
440 1805 442 1810 -
457 1763 528 1821 Ideo
543 1763 686 1820 conducta
699 1763 821 1822 Paullus
834 1765 937 1839 agebat

226 1860 421 1936 Sardonycha,
437 1868 526 1934 atque
540 1860 606 1924 ideo
619 1860 717 1936 pluris,
733 1878 821 1934 quam
836 1861 944 1928 Cossus
956 1861 1070 1938 agebat,

226 1960 325 2033 Quam
338 1959 460 2017 Basilus.
506 1960 587 2016 Rara
601 1959 631 2014 in
646 1958 726 2016 tenui
740 1957 878 2016 facundia
892 1977 996 2033 panno.
1038 1969 1042 1974 “

226 2057 352 2130 Quando
364 2057 433 2114 licet
445 2056 547 2113 Basilo
560 2056 676 2112 flentem
691 2055 848 2130 producere
861 2057 1005 2114 matrem?

226 2154 302 2226 Quis
314 2155 386 2211 bene
399 2154 540 2210 dicentem
554 2153 689 2210 Basilum
702 2150 797 2208 forati
837 2151 975 2228 Accipiat
988 2161 1019 2210 te

226 2253 337 2326 Gallia,
349 2252 396 2310 vel
410 2252 506 2328 potius
520 2250 669 2309 nutricula
682 2250 891 2308 causidicorum

226 2348 338 2420 Africa,
353 2349 377 2407 si
391 2349 501 2424 placuit
511 2349 671 2406 mercedem
685 2347 835 2422 imponere
849 2347 966 2422 linguae.
1005 2387 1006 2390 =
1024 2332 1030 2344 ⁵

266 2447 440 2505 Declamare
453 2446 558 2504 doceat
602 2444 736 2504 O'ferrea
750 2453 866 2520 pectora
875 2446 967 2518 Vetti,
1126 2445 1183 2504 150

221 2545 326 2617 Quum
339 2543 456 2620 perimit
470 2561 561 2600 saevos
574 2542 674 2600 classis
689 2560 844 2600 numerosa
857 2543 1011 2618 tyrannosl

225 2643 304 2700 Nam
318 2657 496 2714 quaecunque
509 2639 609 2696 sedens
622 2641 709 2697 modo
722 2639 841 2714 legerat,
856 2641 919 2698 haec
933 2640 1033 2698 eadem
1047 2646 1128 2698 stans

225 2737 366 2810 Proseret,
376 2745 470 2826 ‚atque
484 2737 585 2794 eadem
599 2737 731 2795 cantabit
744 2737 873 2794 versibus
887 2737 988 2794 isdem.

227 2836 342 2895 Occidit
355 2835 474 2892 miseros
487 2835 602 2892 crambe
615 2835 740 2910 repetita
753 2833 915 2910 magistros.

226 2933 301 3005 Quis
315 2933 435 2990 coloret
450 2931 527 3005 quod
540 2932 579 2989 sit
593 2949 687 2989 causae
700 2949 800 3007 genus,
815 2939 903 3004 atque
916 2929 966 2989 ubi
981 2949 1094 2988 summa

227 3030 365 3103 QuaestiO,
382 3048 447 3103 quae
460 3029 581 3087 veniant
596 3027 711 3086 diversa
724 3035 809 3103 parte
822 3027 944 3102 sagitta,

226 3127 318 3186 Nosse
332 3125 423 3184 velint
436 3145 542 3198 omnes,
558 3126 720 3186 mercedem
733 3126 842 3183 solvere
854 3113 949 3182 nemo.

229 3226 420 3282 “Mercedem
433 3223 582 3300 appellum
604 3223 676 3298 quid
689 3223 768 3281 enim
781 3222 882 3280 scioi''
926 3221 1024 3299 Culpa
1037 3222 1163 3282 docentis

228 3321 346 3379 Scilicet
360 3322 500 3397 arguitur,
516 3321 596 3394 quod
608 3321 684 3379 laeva
696 3321 727 3377 in
741 3328 824 3396 parte
837 3320 975 3377 mamillas
1011 3381 1014 3390 Δ
1103 3365 1105 3372 ,

227 3417 279 3474 Nil
293 3417 360 3475 salit
375 3417 506 3476 mendic
514 3416 627 3490 juveni,
644 3416 726 3494 cujus
738 3418 810 3475 mihi
824 3426 909 3476 sexta
1126 3419 1183 3476 160

228 3515 352 3590 Quaque
367 3514 413 3573 die
426 3514 565 3574 miserum
578 3515 659 3575 dirus
671 3524 760 3593 caput
774 3515 926 3576 Hannibal
938 3517 1058 3592 implet;
1161 3533 1164 3538 ·

228 3612 379 3694 Quidquid
393 3612 424 3670 id
438 3620 491 3684 est,
507 3612 543 3670 de
556 3631 614 3687 quo
628 3614 775 3686 deliberat,
792 3633 830 3672 an
844 3623 925 3690 petat
938 3615 1050 3673 Urbem

229 3710 260 3768 A
273 3709 394 3781 Cannis,
409 3727 447 3767 an
461 3717 528 3785 post
540 3710 655 3768 nimbos
667 3720 697 3768 et
710 3710 834 3768 fulmina
847 3719 951 3768 cautus

229 3804 417 3882 Circumagat
430 3807 563 3866 madidas
576 3822 595 3864 a
608 3815 779 3884 tempestate
792 3808 932 3864 cohortes.
