2654 4348
501 373 504 380 .
601 337 717 379 SATIRA
740 337 785 380 XI·

574 729 731 812 sarran
750 730 807 788 x1.

216 855 350 917 Ambus
363 857 470 916 eximie
483 857 508 916 si
522 867 626 932 coenat,
642 862 740 918 lautus
753 861 893 918 habeturz

216 954 249 1036 Si
262 955 390 1028 Rutilus,
405 955 529 1012 demens.
571 956 650 1027 Quid
664 957 741 1014 enim
753 955 863 1030 majore
877 956 1018 1015 cachinno

216 1050 371 1130 chipitur
385 1051 475 1126 vulgi,
492 1069 580 1125 quam
594 1070 704 1129 pauper
716 1053 862 1128 Apicius?
904 1054 1008 1114 Omnis

217 1149 385 1221 Convictus,
399 1149 529 1222 thermae,
545 1151 693 1223 stationes,
708 1167 793 1208 omne
805 1151 953 1208 theatrum

216 1247 264 1304 De
277 1246 388 1304 Rutilo.
429 1247 510 1304 Nam
523 1247 593 1304 dum
606 1247 706 1304 valida
720 1265 755 1305 ac
763 1245 916 1321 juvenalis
928 1249 1059 1307 membra

178 1352 183 1363 ’
217 1343 371 1404 Sufficiunt
383 1343 482 1420 galeae,
497 1343 625 1418 dumque
638 1343 743 1402 ardens
755 1345 905 1420 sanguine,
920 1343 1012 1402 fertur

216 1441 260 1513 (N
260 1461 298 1500 on
310 1450 429 1518 cogente
442 1441 568 1515 quidem,
584 1441 634 1499 sed
647 1443 701 1500 nbc
714 1442 886 1518 prohibente
898 1443 1038 1518 tribuno),

218 1539 385 1614 Scripturas
396 1537 473 1614 leges
485 1546 515 1595 et
528 1539 609 1615 regia
622 1542 710 1622 verba
723 1540 844 1598 lanistae.
910 1580 917 1593 .

217 1637 330 1696 Multos
342 1655 430 1713 porro
442 1637 531 1709 vides,
547 1656 620 1713 quos
634 1655 711 1714 saepe
725 1639 820 1696 elusus
833 1639 871 1696 ad
884 1638 981 1714 ipsum

218 1735 355 1795 Creditor
367 1734 521 1792 introitum
535 1737 608 1794 solet
621 1744 787 1812 exspectare
801 1737 924 1811 macelli,
1134 1736 1172 1796 10

218 1835 259 1894 Et
272 1834 378 1908 quibus
389 1833 422 1890 in
435 1834 497 1892 solo
509 1833 624 1892 vivendi
635 1853 723 1892 eausa
735 1835 834 1910 palato
847 1825 901 1892 est.

152 2009 157 2012 Β
217 1930 362 2008 Egregius
376 1938 473 1988 coenat
486 1930 647 2004 meliusque
660 1932 837 1989 miserrimus
851 1932 964 2004 horum,

217 2028 260 2087 Et
273 2026 333 2086 cito
346 2043 466 2085 casurus
475 2024 541 2100 jam
554 2028 721 2102 perlucente
734 2028 828 2085 ruina.

218 2127 336 2186 Interea
348 2132 451 2202 gustus
463 2123 609 2184 elementa
618 2142 672 2199 per
684 2125 783 2181 omnia
796 2132 939 2198 quaerunt,

218 2225 379 2302 Nunquam
392 2223 492 2294 animo
504 2223 604 2299 pretiis
619 2222 815 2280 obstantibus:
838 2223 959 2282 interius
972 2226 997 2282 si

218 2323 372 2396 Amendae,
386 2322 480 2397 magis
493 2321 546 2378 illa
553 2319 671 2394 juvant,
687 2336 752 2393 quae
764 2319 855 2395 pluris
869 2328 1012 2380 emuntur.

219 2423 299 2500 Ergo
311 2422 391 2481 haud
403 2420 518 2480 difficile
531 2427 576 2477 est
588 2419 749 2495 perituram
762 2435 903 2476 arcessere
916 2438 1069 2494 summam,

144 2529 153 2547 ·
219 2519 365 2578 Lancibus
378 2519 518 2594 oppositis
533 2517 580 2574 vel
593 2516 696 2573 matris
710 2516 837 2592 imagine
849 2515 950 2590 fracta,
971 2529 974 2536 ’

219 2617 262 2675 Et
275 2617 490 2694 quadringentis
502 2615 632 2674 nummis
646 2614 763 2710 condire
776 2615 909 2690 gulosum

114 2793 116 2796 ι
213 2714 334 2780 ¹Fictile.
376 2713 426 2773 Sic
438 2714 562 2772 veniunt
576 2713 613 2770 ad
626 2711 813 2770 miscellanea
826 2712 895 2769 ludi.
1134 2716 1174 2774 20

220 2809 321 2870 Refert
333 2829 410 2888 ergo,
424 2811 490 2885 quis
502 2810 566 2868 haec
578 2810 679 2868 eadem
693 2816 793 2885 paret:
814 2809 846 2866 in
860 2809 962 2868 Rutilo
975 2813 1044 2869 nam

136 2919 143 2930 ¹
219 2907 353 2966 Luxuria
366 2914 418 2980 est,
431 2907 464 2963 in
472 2905 612 2965 Ventidio
625 2905 770 2964 laudabile
782 2923 887 2964 nomen

190 3039 200 3056 .
220 3004 319 3064 Sumit
332 3010 361 3060 et
375 3020 394 3060 a
408 3019 495 3061 censu
508 3000 617 3059 famam
631 3003 731 3060 trahit.
772 3001 864 3058 Illum
877 3015 929 3077 ego
938 3001 1004 3076 jure

220 3099 399 3178 Despiciam,
414 3098 466 3173 qui
478 3099 542 3172 scit,
559 3107 668 3172 quanto
682 3099 833 3162 sublimior
846 3097 936 3156 Atlas

221 3200 365 3262 Omnibus
379 3198 412 3255 in
424 3197 520 3273 Libya
533 3195 572 3254 sit
584 3196 746 3271 montibus,
757 3197 807 3254 hic
819 3203 918 3256 tamen
930 3196 1006 3257 idem

220 3297 348 3374 Ignoret,
363 3302 506 3370 quantum
520 3291 630 3352 ferrata
644 3294 731 3352 distet
744 3295 781 3352 ab
795 3313 864 3352 arca

221 3393 367 3453 Saeculue
408 3391 436 3451 E
450 3391 525 3450 coelo
538 3392 686 3450 descendit
698 3391 793 3468 γνῶθι
808 3391 947 3465 σεαυτόν,

220 3489 381 3566 Figendum
394 3495 424 3546 et
437 3489 559 3546 memori
571 3487 756 3548 tractandum
770 3495 895 3564 pectore,
911 3490 971 3548 sive
1009 3509 1012 3514 ·

221 3584 399 3660 conjugium
412 3600 533 3658 quaeras,
547 3585 595 3642 vel
608 3583 681 3642 sacri
692 3585 724 3641 in
737 3592 819 3659 parte
833 3585 959 3644 Senatus

221 3681 294 3739 Esse
306 3680 379 3738 velis
390 3681 455 3752 (nee
468 3681 547 3738 enim
561 3679 679 3738 loricam
691 3680 784 3754 poscit
797 3679 924 3739 Achillis
1137 3681 1178 3742 30

220 3777 378 3850 Thersites,
393 3777 424 3836 in
438 3793 496 3850 qua
508 3793 539 3835 se
551 3776 723 3836 traducebat
736 3775 841 3834 Ulixes
