2702 4354
605 361 721 402 ss'rircl
743 361 773 402 V.

584 741 748 848 SATIRA,
759 749 798 810 V.

215 883 414 948 Vnrnnushic
427 899 491 941 mos
505 890 558 955 cst,
572 891 688 941 centum
702 884 756 940 sibi
771 900 887 960 poscere
901 899 993 955 voces,

215 980 343 1040 Centum
357 999 409 1038 ora
421 989 451 1037 et
464 979 580 1055 linguas
593 988 695 1054 optare
708 981 739 1038 in
754 981 883 1040 carmina
896 988 1021 1054 centum,
1036 1034 1039 1040 ,

193 1136 195 1140 ,
215 1077 330 1135 Fabula
344 1095 394 1135 seu
408 1082 514 1134 moestc
527 1082 653 1152 ponetur
666 1076 774 1138 hianda
786 1077 928 1152 trugoedc,

215 1174 347 1232 Vulnera
359 1191 410 1231 seu
422 1171 528 1230 Parthi
540 1172 673 1229 'ducentis
685 1173 723 1229 ab
736 1173 854 1248 inguine
866 1172 982 1232 ferrum.

258 1271 431 1344 “Quorsum
444 1270 527 1334 heeci
549 1276 602 1326 aut
615 1276 739 1342 quantae
753 1269 865 1327 robusti
878 1271 1014 1330 carminis
1026 1270 1098 1330 offas

216 1367 336 1442 Ingeris,
350 1373 384 1424 ut
399 1384 454 1441 par
467 1365 508 1422 cit
520 1373 643 1422 centeno
654 1370 775 1440 gutture
788 1365 862 1422 nit-ii

217 1465 337 1522 Grande
350 1463 502 1538 loquuturi
517 1461 794 1532 nebulasHelicone
807 1462 945 1539 legunto„

218 1564 250 1622 Si
263 1563 369 1636 quibus
381 1568 434 1620 aut
448 1563 586 1638 Prognes,
602 1567 655 1618 cut
669 1559 694 1618 si
708 1562 813 1635 quibus
826 1562 887 1620 olla
900 1562 1037 1638 'ssyestae

217 1660 363 1732 Ferrebit,
378 1677 453 1737 saepe
466 1658 577 1718 insulso
590 1659 736 1718 coenando
750 1658 888 1735 Glyconi.

217 1757 265 1814 Tu
278 1775 372 1830 neque
385 1756 543 1831 anhelanti,
559 1757 782 1832 coquitur-dum
795 1775 892 1815 messe
905 1758 1030 1830 camino,
1139 1757 1179 1817 10

218 1854 302 1912 Folle
314 1854 420 1929 premis
433 1862 544 1928 ventos,
558 1872 612 1912 nec
625 1855 888 1915 olausccmurmure
901 1872 1008 1914 raucus

217 1949 324 2008 Nescio
338 1951 409 2024 quid
421 1958 519 2008 tecum
531 1968 619 2026 grave
633 1951 788 2010 cornicaris
801 1953 908 2028 inepte,

218 2046 282 2105 Nec
295 2046 409 2123 stloppo
423 2046 549 2104 tumidas
562 2047 689 2105 intendis
701 2065 834 2123 rumpere
848 2049 970 2107 buccas:

219 2145 318 2202 Verba
331 2150 406 2219 togee
419 2144 547 2216 sequeris
556 2141 697 2217 junctura
711 2144 832 2202 callidus
845 2145 916 2215 acri,

219 2241 278 2300 Ore
292 2249 367 2298 teres
381 2239 503 2311 modico,
519 2239 662 2315 pallentes
675 2239 777 2297 radere
791 2257 885 2297 mores

219 2339 332 2396 Doctus
346 2346 376 2395 ct
388 2338 516 2414 ingenuo
529 2337 643 2413 culpam
658 2336 780 2412 deligere
793 2336 871 2394 ludo.

220 2435 300 2493 Hinc
313 2435 397 2514 trahe
410 2452 476 2509 qum
490 2433 577 2508 diceus,
589 2451 761 2506 mensasque
775 2434 905 2509 relinque
918 2434 1051 2512 Mycenis

220 2530 298 2590 Cum
312 2531 408 2608 capite
421 2532 593 2608 etpedibus,
607 2531 778 2606 plebeioque
792 2532 914 2608 prandia
926 2533 1032 2591 noris.”

260 2628 328 2687 Non
342 2628 475 2702 equidem
488 2630 545 2686 hoc
557 2628 669 2701 studeo,
685 2629 804 2687 bullatis
818 2637 852 2686 ut
866 2631 940 2687 mihi
953 2630 1038 2714 nugis

220 2725 333 2801 Pagina
348 2733 492 2802 turgescat
503 2727 574 2784 dare
587 2727 701 2803 pondus
715 2725 819 2784 idonea
832 2723 920 2785 fumo.
1142 2728 1181 2786 20

222 2823 331 2881 Secreti
344 2823 507 2897 loquimur:
530 2824 586 2881 tibi
599 2841 687 2896 nunc,
702 2823 838 2882 hortante
852 2824 991 2896 Camena,

221 2920 405 2978 Excutienda
418 2920 521 2978 demum
533 2920 701 2994 praecordia,
717 2929 885 2994 quantaque
899 2929 1005 2980 nostrae

222 3019 295 3075 Pars
309 3024 363 3073 tua
376 3016 425 3086 sit,
437 3015 575 3089 Cornutc,
589 3017 704 3087 anime,
719 3018 782 3089 tibi,
798 3017 891 3075 dulcis
904 3019 1005 3090 amice,

223 3113 391 3174 Ostendissc
399 3111 496 3187 juvat.
537 3115 636 3188 Pulsa,
651 3116 820 3190 dignoscere
833 3123 936 3173 cautus

223 3212 302 3284 Quid
317 3211 440 3268 solidum
455 3220 561 3287 crepet,
577 3219 607 3269 et
620 3213 707 3288 pictae
722 3213 844 3271 tectoria
856 3213 972 3290 linguae.

223 3309 281 3366 His
294 3326 347 3384 ego
361 3316 495 3368 centenas
509 3308 603 3368 ausim
617 3308 769 3385 deposcere
782 3328 866 3369 voces

224 3406 275 3479 Ut,
290 3415 435 3481 quantum
448 3407 521 3466 milri
533 3415 563 3466 te
576 3407 693 3466 sinuoso
705 3407 738 3465 in
751 3417 867 3485 pectore
879 3409 942 3482 fixi,

138 3563 140 3567 ,
223 3503 304 3562 Voce
317 3507 433 3562 traham
447 3523 530 3582 pura,
545 3513 698 3579 totumque
711 3507 767 3564 hoc
780 3508 869 3564 verbe
882 3509 1035 3584 resignent,

112 3607 115 3614 “
227 3601 310 3673 Quod
323 3602 396 3660 latet
410 3620 518 3660 arcane
530 3621 589 3660 nou
604 3603 766 3660 enarrabile
780 3604 861 3661 fibra.

266 3698 365 3769 Quum
380 3700 506 3774 primum
520 3699 627 3774 pavido
641 3708 738 3757 custos
751 3701 824 3756 mihi
838 3720 969 3777 purpure
981 3701 1076 3773 cessit,
1140 3701 1181 3758 30

226 3793 371 3868 Bullaquc
384 3796 539 3853 succinctis
552 3796 662 3853 laribus
675 3796 784 3853 donata
797 3799 948 3872 pependit;
