<?xml version="1.0" encoding="UTF-8"?>
<!DOCTYPE html PUBLIC "-//W3C//DTD XHTML 1.0 Transitional//EN"
    "http://www.w3.org/TR/xhtml1/DTD/xhtml1-transitional.dtd">
<html xmlns="http://www.w3.org/1999/xhtml" xml:lang="en" lang="en">
 <head>
  <title>
</title>
<meta http-equiv="Content-Type" content="text/html;charset=utf-8" />
  <meta name='ocr-system' content='tesseract 3.04.00' />
  <meta name='ocr-capabilities' content='ocr_page ocr_carea ocr_par ocr_line ocrx_word'/>
</head>
<body>
  <div class='ocr_page' id='page_1' title='image "./satiresjuvenala00juvegoog_0024.png"; bbox 0 0 2672 4350; ppageno 0'>
   <div class='ocr_carea' id='block_1_1' title="bbox 606 344 797 390">
    <p class='ocr_par' dir='ltr' id='par_1_1' title="bbox 606 344 797 390">
     <span class='ocr_line' id='line_1_1' title="bbox 606 344 797 390; baseline -0.031 0"><span class='ocrx_word' id='word_1_1' title='bbox 606 347 723 390; x_wconf 71' lang='lat' dir='ltr'>sams</span> <span class='ocrx_word' id='word_1_2' title='bbox 747 344 797 386; x_wconf 86' lang='lat'><em>111.</em></span> 
     </span>
    </p>
   </div>
   <div class='ocr_carea' id='block_1_2' title="bbox 142 473 1187 3840">
    <p class='ocr_par' dir='ltr' id='par_1_2' title="bbox 142 473 1186 3068">
     <span class='ocr_line' id='line_1_2' title="bbox 225 473 1031 554; baseline -0.019 -10"><span class='ocrx_word' id='word_1_3' title='bbox 225 484 397 544; x_wconf 74' lang='lat' dir='ltr'><strong>siccandam</strong></span> <span class='ocrx_word' id='word_1_4' title='bbox 412 483 544 551; x_wconf 81' lang='lat' dir='ltr'><strong>eluviem,</strong></span> <span class='ocrx_word' id='word_1_5' title='bbox 560 478 735 554; x_wconf 85' lang='lat' dir='ltr'>portandum</span> <span class='ocrx_word' id='word_1_6' title='bbox 749 477 787 532; x_wconf 89' lang='lat' dir='ltr'>ad</span> <span class='ocrx_word' id='word_1_7' title='bbox 800 477 886 540; x_wconf 87' lang='lat' dir='ltr'>busta</span> <span class='ocrx_word' id='word_1_8' title='bbox 898 473 1031 544; x_wconf 80' lang='lat' dir='ltr'>cadaver,</span> 
     </span>
     <span class='ocr_line' id='line_1_3' title="bbox 224 572 928 656; baseline -0.014 -18"><span class='ocrx_word' id='word_1_9' title='bbox 224 582 265 638; x_wconf 88' lang='lat' dir='ltr'>Et</span> <span class='ocrx_word' id='word_1_10' title='bbox 279 583 406 656; x_wconf 85' lang='lat' dir='ltr'>praebere</span> <span class='ocrx_word' id='word_1_11' title='bbox 420 583 507 654; x_wconf 84' lang='lat' dir='ltr'>caput</span> <span class='ocrx_word' id='word_1_12' title='bbox 520 576 638 633; x_wconf 87' lang='lat' dir='ltr'>domina</span> <span class='ocrx_word' id='word_1_13' title='bbox 651 573 753 631; x_wconf 84' lang='lat' dir='ltr'>venale</span> <span class='ocrx_word' id='word_1_14' title='bbox 766 573 821 628; x_wconf 86' lang='lat' dir='ltr'>sub</span> <span class='ocrx_word' id='word_1_15' title='bbox 834 572 928 630; x_wconf 83' lang='lat' dir='ltr'>hesta.</span> 
     </span>
     <span class='ocr_line' id='line_1_4' title="bbox 226 665 952 747; baseline -0.015 -14"><span class='ocrx_word' id='word_1_16' title='bbox 226 677 381 747; x_wconf 81' lang='lat' dir='ltr'><strong>Quondam</strong></span> <span class='ocrx_word' id='word_1_17' title='bbox 394 674 426 730; x_wconf 90' lang='lat' dir='ltr'>hi</span> <span class='ocrx_word' id='word_1_18' title='bbox 440 672 608 742; x_wconf 72' lang='lat' dir='ltr'>cornicines,</span> <span class='ocrx_word' id='word_1_19' title='bbox 620 679 649 727; x_wconf 88' lang='lat' dir='ltr'>et</span> <span class='ocrx_word' id='word_1_20' title='bbox 663 665 846 742; x_wconf 84' lang='lat' dir='ltr'>municipalis</span> <span class='ocrx_word' id='word_1_21' title='bbox 858 684 952 724; x_wconf 82' lang='lat' dir='ltr'>arenae</span> 
     </span>
     <span class='ocr_line' id='line_1_5' title="bbox 224 765 959 846; baseline -0.012 -17"><span class='ocrx_word' id='word_1_22' title='bbox 224 773 363 846; x_wconf 79' lang='lat' dir='ltr'>Perpetui</span> <span class='ocrx_word' id='word_1_23' title='bbox 377 770 506 840; x_wconf 79' lang='lat' dir='ltr'><strong>comites,</strong></span> <span class='ocrx_word' id='word_1_24' title='bbox 520 776 654 840; x_wconf 83' lang='lat' dir='ltr'>notaeque</span> <span class='ocrx_word' id='word_1_25' title='bbox 667 784 719 841; x_wconf 88' lang='lat' dir='ltr'>per</span> <span class='ocrx_word' id='word_1_26' title='bbox 732 765 839 840; x_wconf 90' lang='lat' dir='ltr'>oppida</span> <span class='ocrx_word' id='word_1_27' title='bbox 852 766 959 834; x_wconf 85' lang='lat' dir='ltr'>buccae,</span> 
     </span>
     <span class='ocr_line' id='line_1_6' title="bbox 225 853 916 937; baseline -0.01 -12"><span class='ocrx_word' id='word_1_28' title='bbox 225 871 351 925; x_wconf 78' lang='lat' dir='ltr'>Munera</span> <span class='ocrx_word' id='word_1_29' title='bbox 364 886 441 924; x_wconf 91' lang='lat' dir='ltr'>nunc</span> <span class='ocrx_word' id='word_1_30' title='bbox 435 853 545 922; x_wconf 84' lang='lat' dir='ltr'>edurlt</span> <span class='ocrx_word' id='word_1_31' title='bbox 559 871 598 935; x_wconf 87' lang='lat' dir='ltr'>et,</span> <span class='ocrx_word' id='word_1_32' title='bbox 613 881 696 921; x_wconf 86' lang='lat' dir='ltr'>verso</span> <span class='ocrx_word' id='word_1_33' title='bbox 710 862 814 937; x_wconf 81' lang='lat' dir='ltr'>pollice</span> <span class='ocrx_word' id='word_1_34' title='bbox 827 861 916 936; x_wconf 85' lang='lat' dir='ltr'>vulgi,</span> 
     </span>
     <span class='ocr_line' id='line_1_7' title="bbox 226 958 982 1071; baseline -0.011 -49"><span class='ocrx_word' id='word_1_35' title='bbox 226 964 413 1037; x_wconf 79' lang='lat' dir='ltr'>Quamlibet,</span> <span class='ocrx_word' id='word_1_36' title='bbox 429 961 566 1071; x_wconf 42' lang='grc' dir='ltr'>οᾳοίθυηι</span> <span class='ocrx_word' id='word_1_37' title='bbox 580 961 777 1035; x_wconf 79' lang='lat' dir='ltr'>populariter:</span> <span class='ocrx_word' id='word_1_38' title='bbox 794 958 862 1018; x_wconf 89' lang='lat' dir='ltr'>inde</span> <span class='ocrx_word' id='word_1_39' title='bbox 875 958 982 1024; x_wconf 79' lang='lat' dir='ltr'>reuersi</span> 
     </span>
     <span class='ocr_line' id='line_1_8' title="bbox 227 1021 1043 1128; baseline -0.009 -9"><span class='ocrx_word' id='word_1_40' title='bbox 227 1061 402 1120; x_wconf 78' lang='lat' dir='ltr'>conducunt</span> <span class='ocrx_word' id='word_1_41' title='bbox 409 1021 536 1116; x_wconf 68' lang='lat' dir='ltr'>lineas</span> <span class='ocrx_word' id='word_1_42' title='bbox 559 1064 589 1113; x_wconf 87' lang='lat' dir='ltr'>et</span> <span class='ocrx_word' id='word_1_43' title='bbox 603 1075 654 1114; x_wconf 91' lang='lat' dir='ltr'>cur</span> <span class='ocrx_word' id='word_1_44' title='bbox 667 1074 728 1114; x_wconf 90' lang='lat' dir='ltr'>non</span> <span class='ocrx_word' id='word_1_45' title='bbox 739 1056 858 1114; x_wconf 67' lang='lat' dir='ltr'>omnia?</span> <span class='ocrx_word' id='word_1_46' title='bbox 879 1073 970 1128; x_wconf 91' lang='lat' dir='ltr'>quum</span> <span class='ocrx_word' id='word_1_47' title='bbox 984 1054 1043 1112; x_wconf 85' lang='lat' dir='ltr'>sint</span> 
     </span>
     <span class='ocr_line' id='line_1_9' title="bbox 227 1152 912 1231; baseline -0.009 -15"><span class='ocrx_word' id='word_1_48' title='bbox 227 1159 334 1231; x_wconf 79' lang='lat' dir='ltr'><strong>Quales</strong></span> <span class='ocrx_word' id='word_1_49' title='bbox 348 1175 385 1214; x_wconf 84' lang='lat' dir='ltr'>ex</span> <span class='ocrx_word' id='word_1_50' title='bbox 397 1155 502 1214; x_wconf 89' lang='lat' dir='ltr'>humili</span> <span class='ocrx_word' id='word_1_51' title='bbox 515 1171 621 1229; x_wconf 88' lang='lat' dir='ltr'>magna</span> <span class='ocrx_word' id='word_1_52' title='bbox 635 1153 673 1210; x_wconf 84' lang='lat' dir='ltr'>ad</span> <span class='ocrx_word' id='word_1_53' title='bbox 685 1152 803 1228; x_wconf 83' lang='lat' dir='ltr'>fastigia</span> <span class='ocrx_word' id='word_1_54' title='bbox 815 1171 912 1210; x_wconf 87' lang='lat' dir='ltr'>rerum</span> 
     </span>
     <span class='ocr_line' id='line_1_10' title="bbox 227 1247 858 1326; baseline -0.011 -14"><span class='ocrx_word' id='word_1_55' title='bbox 227 1253 360 1324; x_wconf 81' lang='lat' dir='ltr'>Extollit,</span> <span class='ocrx_word' id='word_1_56' title='bbox 377 1252 490 1326; x_wconf 86' lang='lat' dir='ltr'>quoties</span> <span class='ocrx_word' id='word_1_57' title='bbox 503 1250 597 1308; x_wconf 83' lang='lat' dir='ltr'>voluit</span> <span class='ocrx_word' id='word_1_58' title='bbox 611 1247 858 1320; x_wconf 85' lang='lat' dir='ltr'>Fortuuajoeari.</span> 
     </span>
     <span class='ocr_line' id='line_1_11' title="bbox 227 1321 980 1422; baseline -0.005 -16"><span class='ocrx_word' id='word_1_59' title='bbox 227 1350 306 1422; x_wconf 83' lang='lat' dir='ltr'>Qurd</span> <span class='ocrx_word' id='word_1_60' title='bbox 314 1351 421 1408; x_wconf 83' lang='lat' dir='ltr'>Romae</span> <span class='ocrx_word' id='word_1_61' title='bbox 434 1347 560 1406; x_wconf 69' lang='lat' dir='ltr'>faciam?</span> <span class='ocrx_word' id='word_1_62' title='bbox 602 1321 726 1404; x_wconf 86' lang='lat' dir='ltr'>Mentiri</span> <span class='ocrx_word' id='word_1_63' title='bbox 738 1347 849 1412; x_wconf 65' lang='lat' dir='ltr'>nescim</span> <span class='ocrx_word' id='word_1_64' title='bbox 864 1345 980 1417; x_wconf 90' lang='lat' dir='ltr'>librum,</span> 
     </span>
     <span class='ocr_line' id='line_1_12' title="bbox 228 1442 1010 1517; baseline -0.003 -15"><span class='ocrx_word' id='word_1_65' title='bbox 228 1448 260 1504; x_wconf 89' lang='lat' dir='ltr'>Si</span> <span class='ocrx_word' id='word_1_66' title='bbox 273 1446 368 1502; x_wconf 85' lang='lat' dir='ltr'>malus</span> <span class='ocrx_word' id='word_1_67' title='bbox 382 1453 435 1517; x_wconf 84' lang='lat' dir='ltr'>est,</span> <span class='ocrx_word' id='word_1_68' title='bbox 450 1461 562 1517; x_wconf 79' lang='lat' dir='ltr'>nequeo</span> <span class='ocrx_word' id='word_1_69' title='bbox 575 1442 696 1500; x_wconf 87' lang='lat' dir='ltr'>laudare</span> <span class='ocrx_word' id='word_1_70' title='bbox 709 1450 739 1499; x_wconf 89' lang='lat' dir='ltr'>et</span> <span class='ocrx_word' id='word_1_71' title='bbox 751 1459 884 1516; x_wconf 81' lang='lat' dir='ltr'>poscere3</span> <span class='ocrx_word' id='word_1_72' title='bbox 906 1449 1010 1500; x_wconf 72' lang='lat' dir='ltr'>motus</span> 
     </span>
     <span class='ocr_line' id='line_1_13' title="bbox 228 1537 916 1618; baseline -0.006 -18"><span class='ocrx_word' id='word_1_73' title='bbox 228 1543 384 1600; x_wconf 87' lang='lat' dir='ltr'>Astrerum</span> <span class='ocrx_word' id='word_1_74' title='bbox 398 1542 517 1618; x_wconf 81' lang='lat' dir='ltr'>ignoro3</span> <span class='ocrx_word' id='word_1_75' title='bbox 538 1537 626 1600; x_wconf 83' lang='lat' dir='ltr'>funus</span> <span class='ocrx_word' id='word_1_76' title='bbox 641 1540 810 1614; x_wconf 82' lang='lat' dir='ltr'>promittere</span> <span class='ocrx_word' id='word_1_77' title='bbox 823 1539 916 1613; x_wconf 84' lang='lat' dir='ltr'>patris</span> 
     </span>
     <span class='ocr_line' id='line_1_14' title="bbox 227 1636 1047 1713; baseline -0.004 -16"><span class='ocrx_word' id='word_1_78' title='bbox 227 1639 290 1698; x_wconf 88' lang='lat' dir='ltr'>Nec</span> <span class='ocrx_word' id='word_1_79' title='bbox 303 1639 379 1711; x_wconf 84' lang='lat' dir='ltr'>volo,</span> <span class='ocrx_word' id='word_1_80' title='bbox 395 1657 449 1696; x_wconf 90' lang='lat' dir='ltr'>nee</span> <span class='ocrx_word' id='word_1_81' title='bbox 462 1655 597 1713; x_wconf 76' lang='lat' dir='ltr'>potsum3</span> <span class='ocrx_word' id='word_1_82' title='bbox 619 1655 759 1694; x_wconf 84' lang='lat' dir='ltr'>ranarum</span> <span class='ocrx_word' id='word_1_83' title='bbox 772 1636 885 1694; x_wconf 88' lang='lat' dir='ltr'>viscera</span> <span class='ocrx_word' id='word_1_84' title='bbox 896 1653 1047 1712; x_wconf 74' lang='lat' dir='ltr'>nunquam</span> 
     </span>
     <span class='ocr_line' id='line_1_15' title="bbox 228 1733 997 1812; baseline -0.005 -18"><span class='ocrx_word' id='word_1_85' title='bbox 228 1736 355 1812; x_wconf 85' lang='lat' dir='ltr'>Inspexi.</span> <span class='ocrx_word' id='word_1_86' title='bbox 397 1736 487 1794; x_wconf 84' lang='lat' dir='ltr'>Ferre</span> <span class='ocrx_word' id='word_1_87' title='bbox 499 1735 537 1794; x_wconf 88' lang='lat' dir='ltr'>ad</span> <span class='ocrx_word' id='word_1_88' title='bbox 550 1741 675 1809; x_wconf 85' lang='lat' dir='ltr'>nuptam</span> <span class='ocrx_word' id='word_1_89' title='bbox 690 1751 754 1806; x_wconf 84' lang='lat' dir='ltr'>quea</span> <span class='ocrx_word' id='word_1_90' title='bbox 767 1733 860 1790; x_wconf 87' lang='lat' dir='ltr'>mittit</span> <span class='ocrx_word' id='word_1_91' title='bbox 874 1733 997 1804; x_wconf 76' lang='lat' dir='ltr'>adulter,</span> 
     </span>
     <span class='ocr_line' id='line_1_16' title="bbox 148 1820 954 1909; baseline -0.005 -18"><span class='ocrx_word' id='word_1_92' title='bbox 148 1899 151 1909; x_wconf 37' lang='grc' dir='ltr'>Ι</span> <span class='ocrx_word' id='word_1_93' title='bbox 229 1834 301 1905; x_wconf 81' lang='lat' dir='ltr'>Quae</span> <span class='ocrx_word' id='word_1_94' title='bbox 314 1833 443 1909; x_wconf 79' lang='lat' dir='ltr'>mandat,</span> <span class='ocrx_word' id='word_1_95' title='bbox 458 1820 556 1890; x_wconf 84' lang='lat' dir='ltr'>norint</span> <span class='ocrx_word' id='word_1_96' title='bbox 570 1832 638 1888; x_wconf 87' lang='lat' dir='ltr'>alii:</span> <span class='ocrx_word' id='word_1_97' title='bbox 662 1849 709 1888; x_wconf 89' lang='lat' dir='ltr'>me</span> <span class='ocrx_word' id='word_1_98' title='bbox 722 1849 808 1888; x_wconf 89' lang='lat' dir='ltr'>nemo</span> <span class='ocrx_word' id='word_1_99' title='bbox 821 1829 954 1890; x_wconf 84' lang='lat' dir='ltr'>ministro</span> 
     </span>
     <span class='ocr_line' id='line_1_17' title="bbox 228 1927 994 2002; baseline -0.003 -16"><span class='ocrx_word' id='word_1_100' title='bbox 228 1930 291 1987; x_wconf 82' lang='lat' dir='ltr'>Fur</span> <span class='ocrx_word' id='word_1_101' title='bbox 304 1931 367 2002; x_wconf 86' lang='lat' dir='ltr'>erit,</span> <span class='ocrx_word' id='word_1_102' title='bbox 381 1937 470 2002; x_wconf 87' lang='lat' dir='ltr'>atque</span> <span class='ocrx_word' id='word_1_103' title='bbox 482 1928 548 1986; x_wconf 90' lang='lat' dir='ltr'>ideo</span> <span class='ocrx_word' id='word_1_104' title='bbox 561 1927 636 1986; x_wconf 90' lang='lat' dir='ltr'>nulli</span> <span class='ocrx_word' id='word_1_105' title='bbox 650 1945 745 1986; x_wconf 86' lang='lat' dir='ltr'>comes</span> <span class='ocrx_word' id='word_1_106' title='bbox 759 1945 840 1999; x_wconf 82' lang='lat' dir='ltr'>exeo,</span> <span class='ocrx_word' id='word_1_107' title='bbox 854 1935 994 2000; x_wconf 87' lang='lat' dir='ltr'>tanquam</span> 
     </span>
     <span class='ocr_line' id='line_1_18' title="bbox 228 2024 1003 2100; baseline -0.001 -15"><span class='ocrx_word' id='word_1_108' title='bbox 228 2028 360 2098; x_wconf 87' lang='lat' dir='ltr'>Maueus,</span> <span class='ocrx_word' id='word_1_109' title='bbox 373 2034 403 2084; x_wconf 87' lang='lat' dir='ltr'>et</span> <span class='ocrx_word' id='word_1_110' title='bbox 416 2025 566 2084; x_wconf 74' lang='lat' dir='ltr'>exstincta</span> <span class='ocrx_word' id='word_1_111' title='bbox 579 2042 683 2100; x_wconf 83' lang='lat' dir='ltr'>corpus</span> <span class='ocrx_word' id='word_1_112' title='bbox 697 2041 756 2082; x_wconf 90' lang='lat' dir='ltr'>non</span> <span class='ocrx_word' id='word_1_113' title='bbox 770 2024 842 2084; x_wconf 90' lang='lat' dir='ltr'>utile</span> <span class='ocrx_word' id='word_1_114' title='bbox 856 2024 973 2082; x_wconf 83' lang='lat' dir='ltr'>dextrae.</span> <span class='ocrx_word' id='word_1_115' title='bbox 986 2051 1003 2084; x_wconf 55' lang='grc' dir='ltr'>ι.»</span> 
     </span>
     <span class='ocr_line' id='line_1_19' title="bbox 229 2118 1007 2198; baseline -0.003 -18"><span class='ocrx_word' id='word_1_116' title='bbox 229 2123 303 2195; x_wconf 76' lang='lat' dir='ltr'>Quis</span> <span class='ocrx_word' id='word_1_117' title='bbox 317 2141 395 2180; x_wconf 87' lang='lat' dir='ltr'>nune</span> <span class='ocrx_word' id='word_1_118' title='bbox 409 2122 548 2198; x_wconf 84' lang='lat' dir='ltr'>diligitur,</span> <span class='ocrx_word' id='word_1_119' title='bbox 564 2121 622 2178; x_wconf 87' lang='lat' dir='ltr'>nisi</span> <span class='ocrx_word' id='word_1_120' title='bbox 635 2120 776 2190; x_wconf 88' lang='lat' dir='ltr'>conscius,</span> <span class='ocrx_word' id='word_1_121' title='bbox 791 2128 821 2178; x_wconf 89' lang='lat' dir='ltr'>et</span> <span class='ocrx_word' id='word_1_122' title='bbox 834 2126 881 2178; x_wconf 81' lang='lat' dir='ltr'>eui</span> <span class='ocrx_word' id='word_1_123' title='bbox 895 2118 1007 2178; x_wconf 85' lang='lat' dir='ltr'>fervens</span> 
     </span>
     <span class='ocr_line' id='line_1_20' title="bbox 229 2217 1186 2306; baseline -0.004 -27"><span class='ocrx_word' id='word_1_124' title='bbox 229 2221 350 2278; x_wconf 83' lang='lat' dir='ltr'>AEstuat</span> <span class='ocrx_word' id='word_1_125' title='bbox 363 2219 485 2278; x_wconf 85' lang='lat' dir='ltr'>occultis</span> <span class='ocrx_word' id='word_1_126' title='bbox 500 2217 614 2275; x_wconf 87' lang='lat' dir='ltr'>enimus</span> <span class='ocrx_word' id='word_1_127' title='bbox 626 2234 796 2290; x_wconf 74' lang='lat' dir='ltr'>semperque</span> <span class='ocrx_word' id='word_1_128' title='bbox 809 2217 954 2274; x_wconf 70' lang='lat' dir='ltr'>incendet</span> <span class='ocrx_word' id='word_1_129' title='bbox 978 2258 1015 2306; x_wconf 26' lang='lat' dir='ltr'>,N</span> <span class='ocrx_word' id='word_1_130' title='bbox 1144 2217 1186 2276; x_wconf 82' lang='lat'>50</span> 
     </span>
     <span class='ocr_line' id='line_1_21' title="bbox 229 2312 972 2390; baseline -0.004 -15"><span class='ocrx_word' id='word_1_131' title='bbox 229 2317 283 2375; x_wconf 91' lang='lat' dir='ltr'>Nil</span> <span class='ocrx_word' id='word_1_132' title='bbox 295 2317 349 2376; x_wconf 89' lang='lat' dir='ltr'>tibi</span> <span class='ocrx_word' id='word_1_133' title='bbox 363 2334 395 2373; x_wconf 91' lang='lat' dir='ltr'>se</span> <span class='ocrx_word' id='word_1_134' title='bbox 409 2316 511 2372; x_wconf 89' lang='lat' dir='ltr'>debere</span> <span class='ocrx_word' id='word_1_135' title='bbox 524 2323 619 2390; x_wconf 86' lang='lat' dir='ltr'>putat,</span> <span class='ocrx_word' id='word_1_136' title='bbox 633 2314 677 2372; x_wconf 88' lang='lat' dir='ltr'>nil</span> <span class='ocrx_word' id='word_1_137' title='bbox 692 2312 819 2372; x_wconf 87' lang='lat' dir='ltr'>conferet</span> <span class='ocrx_word' id='word_1_138' title='bbox 833 2331 972 2387; x_wconf 84' lang='lat' dir='ltr'>unquam,</span> 
     </span>
     <span class='ocr_line' id='line_1_22' title="bbox 229 2409 855 2487; baseline -0.003 -17"><span class='ocrx_word' id='word_1_139' title='bbox 229 2413 407 2487; x_wconf 87' lang='lat' dir='ltr'>Partieipem</span> <span class='ocrx_word' id='word_1_140' title='bbox 422 2413 473 2485; x_wconf 92' lang='lat' dir='ltr'>qui</span> <span class='ocrx_word' id='word_1_141' title='bbox 486 2420 516 2468; x_wconf 86' lang='lat' dir='ltr'>te</span> <span class='ocrx_word' id='word_1_142' title='bbox 529 2413 630 2468; x_wconf 83' lang='lat' dir='ltr'>secreti</span> <span class='ocrx_word' id='word_1_143' title='bbox 643 2409 713 2471; x_wconf 80' lang='lat' dir='ltr'>lecit</span> <span class='ocrx_word' id='word_1_144' title='bbox 726 2411 855 2468; x_wconf 86' lang='lat' dir='ltr'>honesti:</span> 
     </span>
     <span class='ocr_line' id='line_1_23' title="bbox 231 2506 1037 2582; baseline -0.004 -13"><span class='ocrx_word' id='word_1_145' title='bbox 231 2510 325 2569; x_wconf 87' lang='lat' dir='ltr'>Carus</span> <span class='ocrx_word' id='word_1_146' title='bbox 338 2506 501 2579; x_wconf 76' lang='lat' dir='ltr'>eritNerri,</span> <span class='ocrx_word' id='word_1_147' title='bbox 516 2509 568 2581; x_wconf 90' lang='lat' dir='ltr'>qui</span> <span class='ocrx_word' id='word_1_148' title='bbox 579 2509 702 2566; x_wconf 86' lang='lat' dir='ltr'>Verrem</span> <span class='ocrx_word' id='word_1_149' title='bbox 715 2516 852 2582; x_wconf 86' lang='lat' dir='ltr'>tempore,</span> <span class='ocrx_word' id='word_1_150' title='bbox 868 2526 926 2582; x_wconf 91' lang='lat' dir='ltr'>quo</span> <span class='ocrx_word' id='word_1_151' title='bbox 938 2507 1013 2580; x_wconf 87' lang='lat' dir='ltr'>vult,</span> <span class='ocrx_word' id='word_1_152' title='bbox 1034 2567 1037 2572; x_wconf 73' lang='grc'><strong>,</strong></span> 
     </span>
     <span class='ocr_line' id='line_1_24' title="bbox 230 2605 920 2681; baseline -0.001 -17"><span class='ocrx_word' id='word_1_153' title='bbox 230 2607 378 2665; x_wconf 82' lang='lat' dir='ltr'>Accusare</span> <span class='ocrx_word' id='word_1_154' title='bbox 391 2611 496 2681; x_wconf 87' lang='lat' dir='ltr'>potest.</span> <span class='ocrx_word' id='word_1_155' title='bbox 538 2605 628 2664; x_wconf 88' lang='lat' dir='ltr'>Tanti</span> <span class='ocrx_word' id='word_1_156' title='bbox 642 2606 699 2662; x_wconf 91' lang='lat' dir='ltr'>tibi</span> <span class='ocrx_word' id='word_1_157' title='bbox 712 2622 771 2664; x_wconf 90' lang='lat' dir='ltr'>uon</span> <span class='ocrx_word' id='word_1_158' title='bbox 785 2605 824 2664; x_wconf 88' lang='lat' dir='ltr'>sit</span> <span class='ocrx_word' id='word_1_159' title='bbox 838 2605 920 2680; x_wconf 87' lang='lat' dir='ltr'>opaci</span> 
     </span>
     <span class='ocr_line' id='line_1_25' title="bbox 231 2688 1084 2778; baseline -0.005 -14"><span class='ocrx_word' id='word_1_160' title='bbox 231 2688 334 2765; x_wconf 79' lang='lat' dir='ltr'>Omnis</span> <span class='ocrx_word' id='word_1_161' title='bbox 347 2721 436 2761; x_wconf 86' lang='lat' dir='ltr'>arena</span> <span class='ocrx_word' id='word_1_162' title='bbox 449 2702 533 2778; x_wconf 84' lang='lat' dir='ltr'>Tagi,</span> <span class='ocrx_word' id='word_1_163' title='bbox 545 2703 680 2776; x_wconf 89' lang='lat' dir='ltr'>qnodque</span> <span class='ocrx_word' id='word_1_164' title='bbox 692 2703 725 2760; x_wconf 90' lang='lat' dir='ltr'>in</span> <span class='ocrx_word' id='word_1_165' title='bbox 738 2721 818 2759; x_wconf 86' lang='lat' dir='ltr'>mare</span> <span class='ocrx_word' id='word_1_166' title='bbox 831 2703 958 2760; x_wconf 85' lang='lat' dir='ltr'>volvitur</span> <span class='ocrx_word' id='word_1_167' title='bbox 971 2716 1084 2774; x_wconf 75' lang='lat' dir='ltr'>aunan,</span> 
     </span>
     <span class='ocr_line' id='line_1_26' title="bbox 232 2779 949 2875; baseline -0.001 -16"><span class='ocrx_word' id='word_1_168' title='bbox 232 2803 276 2860; x_wconf 88' lang='lat' dir='ltr'>Ut</span> <span class='ocrx_word' id='word_1_169' title='bbox 289 2819 390 2859; x_wconf 90' lang='lat' dir='ltr'>somno</span> <span class='ocrx_word' id='word_1_170' title='bbox 403 2817 502 2858; x_wconf 87' lang='lat' dir='ltr'>careas</span> <span class='ocrx_word' id='word_1_171' title='bbox 517 2779 706 2875; x_wconf 81' lang='lat' dir='ltr'>ponendaque</span> <span class='ocrx_word' id='word_1_172' title='bbox 718 2800 838 2874; x_wconf 73' lang='lat' dir='ltr'>praemia</span> <span class='ocrx_word' id='word_1_173' title='bbox 851 2817 949 2858; x_wconf 83' lang='lat' dir='ltr'>sumes</span> 
     </span>
     <span class='ocr_line' id='line_1_27' title="bbox 157 2896 934 2972; baseline -0.004 -15"><span class='ocrx_word' id='word_1_174' title='bbox 157 2963 161 2969; x_wconf 27' lang='lat'><strong>¹</strong></span> <span class='ocrx_word' id='word_1_175' title='bbox 231 2898 346 2970; x_wconf 87' lang='lat' dir='ltr'>Tristis,</span> <span class='ocrx_word' id='word_1_176' title='bbox 358 2905 387 2953; x_wconf 90' lang='lat' dir='ltr'>et</span> <span class='ocrx_word' id='word_1_177' title='bbox 401 2916 419 2955; x_wconf 89' lang='lat' dir='ltr'>a</span> <span class='ocrx_word' id='word_1_178' title='bbox 431 2914 540 2972; x_wconf 80' lang='lat' dir='ltr'>magno</span> <span class='ocrx_word' id='word_1_179' title='bbox 552 2913 666 2972; x_wconf 87' lang='lat' dir='ltr'>semper</span> <span class='ocrx_word' id='word_1_180' title='bbox 678 2896 810 2956; x_wconf 85' lang='lat' dir='ltr'>timearis</span> <span class='ocrx_word' id='word_1_181' title='bbox 824 2896 934 2954; x_wconf 78' lang='lat' dir='ltr'>amico!</span> 
     </span>
     <span class='ocr_line' id='line_1_28' title="bbox 142 2992 1010 3068; baseline -0.002 -15"><span class='ocrx_word' id='word_1_182' title='bbox 142 3061 146 3068; x_wconf 32' lang='lat'>¹</span> <span class='ocrx_word' id='word_1_183' title='bbox 273 2997 346 3068; x_wconf 79' lang='lat' dir='ltr'>Qua</span> <span class='ocrx_word' id='word_1_184' title='bbox 359 3012 436 3053; x_wconf 91' lang='lat' dir='ltr'>nunc</span> <span class='ocrx_word' id='word_1_185' title='bbox 449 2995 588 3052; x_wconf 87' lang='lat' dir='ltr'>divitibus</span> <span class='ocrx_word' id='word_1_186' title='bbox 601 3012 671 3068; x_wconf 85' lang='lat' dir='ltr'>gens</span> <span class='ocrx_word' id='word_1_187' title='bbox 683 2994 883 3067; x_wconf 84' lang='lat' dir='ltr'>acceptissima</span> <span class='ocrx_word' id='word_1_188' title='bbox 895 2992 1010 3064; x_wconf 83' lang='lat' dir='ltr'>nostris,</span> 
     </span>
    </p>

    <p class='ocr_par' dir='ltr' id='par_1_3' title="bbox 231 3086 1187 3840">
     <span class='ocr_line' id='line_1_29' title="bbox 232 3086 941 3167; baseline -0.006 -17"><span class='ocrx_word' id='word_1_189' title='bbox 232 3093 273 3151; x_wconf 82' lang='lat' dir='ltr'>Et</span> <span class='ocrx_word' id='word_1_190' title='bbox 287 3109 358 3166; x_wconf 85' lang='lat' dir='ltr'>quos</span> <span class='ocrx_word' id='word_1_191' title='bbox 370 3091 516 3166; x_wconf 82' lang='lat' dir='ltr'>praecipue</span> <span class='ocrx_word' id='word_1_192' title='bbox 529 3087 647 3167; x_wconf 81' lang='lat' dir='ltr'>fugiam,</span> <span class='ocrx_word' id='word_1_193' title='bbox 663 3092 824 3164; x_wconf 88' lang='lat' dir='ltr'>properabo</span> <span class='ocrx_word' id='word_1_194' title='bbox 837 3086 941 3155; x_wconf 82' lang='lat' dir='ltr'>fateri3</span> 
     </span>
     <span class='ocr_line' id='line_1_30' title="bbox 232 3183 1187 3265; baseline -0.004 -17"><span class='ocrx_word' id='word_1_195' title='bbox 232 3189 296 3248; x_wconf 89' lang='lat' dir='ltr'>Nec</span> <span class='ocrx_word' id='word_1_196' title='bbox 309 3189 402 3265; x_wconf 88' lang='lat' dir='ltr'>pudor</span> <span class='ocrx_word' id='word_1_197' title='bbox 415 3188 551 3249; x_wconf 87' lang='lat' dir='ltr'>obstabit.</span> <span class='ocrx_word' id='word_1_198' title='bbox 592 3187 662 3245; x_wconf 87' lang='lat' dir='ltr'>Non</span> <span class='ocrx_word' id='word_1_199' title='bbox 676 3203 792 3262; x_wconf 87' lang='lat' dir='ltr'>possum</span> <span class='ocrx_word' id='word_1_200' title='bbox 805 3183 886 3258; x_wconf 87' lang='lat' dir='ltr'>ferre,</span> <span class='ocrx_word' id='word_1_201' title='bbox 899 3185 1037 3257; x_wconf 76' lang='lat' dir='ltr'>Quirites,</span> <span class='ocrx_word' id='word_1_202' title='bbox 1147 3185 1187 3244; x_wconf 89' lang='grc'>60</span> 
     </span>
     <span class='ocr_line' id='line_1_31' title="bbox 233 3281 1102 3360; baseline -0.003 -15"><span class='ocrx_word' id='word_1_203' title='bbox 233 3285 367 3345; x_wconf 80' lang='lat' dir='ltr'>Graecam</span> <span class='ocrx_word' id='word_1_204' title='bbox 382 3287 497 3344; x_wconf 88' lang='lat' dir='ltr'>urbem:</span> <span class='ocrx_word' id='word_1_205' title='bbox 520 3284 654 3358; x_wconf 88' lang='lat' dir='ltr'>quamvis</span> <span class='ocrx_word' id='word_1_206' title='bbox 668 3292 759 3358; x_wconf 88' lang='lat' dir='ltr'>quota</span> <span class='ocrx_word' id='word_1_207' title='bbox 771 3285 867 3360; x_wconf 85' lang='lat' dir='ltr'>portio</span> <span class='ocrx_word' id='word_1_208' title='bbox 879 3281 958 3342; x_wconf 82' lang='lat' dir='ltr'>suecis</span> <span class='ocrx_word' id='word_1_209' title='bbox 972 3282 1102 3360; x_wconf 34' lang='lat' dir='ltr'>Achreil,</span> 
     </span>
     <span class='ocr_line' id='line_1_32' title="bbox 231 3381 1007 3460; baseline -0.003 -20"><span class='ocrx_word' id='word_1_210' title='bbox 231 3384 253 3440; x_wconf 86' lang='lat' dir='ltr'><strong>J</strong></span> <span class='ocrx_word' id='word_1_211' title='bbox 254 3401 302 3440; x_wconf 89' lang='lat' dir='ltr'>am</span> <span class='ocrx_word' id='word_1_212' title='bbox 316 3382 429 3460; x_wconf 85' lang='lat' dir='ltr'>pridem</span> <span class='ocrx_word' id='word_1_213' title='bbox 443 3382 535 3458; x_wconf 80' lang='lat' dir='ltr'>Syrus</span> <span class='ocrx_word' id='word_1_214' title='bbox 547 3382 578 3438; x_wconf 92' lang='lat' dir='ltr'>in</span> <span class='ocrx_word' id='word_1_215' title='bbox 593 3381 725 3440; x_wconf 87' lang='lat' dir='ltr'>Tiberim</span> <span class='ocrx_word' id='word_1_216' title='bbox 738 3381 860 3440; x_wconf 82' lang='lat' dir='ltr'>defluxit</span> <span class='ocrx_word' id='word_1_217' title='bbox 875 3381 1007 3454; x_wconf 74' lang='lat' dir='ltr'>omnes,</span> 
     </span>
     <span class='ocr_line' id='line_1_33' title="bbox 232 3479 976 3556; baseline -0.003 -18"><span class='ocrx_word' id='word_1_218' title='bbox 232 3480 273 3538; x_wconf 87' lang='lat' dir='ltr'>Et</span> <span class='ocrx_word' id='word_1_219' title='bbox 286 3480 428 3556; x_wconf 85' lang='lat' dir='ltr'>linguam,</span> <span class='ocrx_word' id='word_1_220' title='bbox 442 3486 473 3536; x_wconf 84' lang='lat' dir='ltr'>et</span> <span class='ocrx_word' id='word_1_221' title='bbox 484 3497 588 3550; x_wconf 82' lang='lat' dir='ltr'>mores,</span> <span class='ocrx_word' id='word_1_222' title='bbox 600 3485 629 3536; x_wconf 92' lang='lat' dir='ltr'>et</span> <span class='ocrx_word' id='word_1_223' title='bbox 643 3497 711 3536; x_wconf 91' lang='lat' dir='ltr'>cum</span> <span class='ocrx_word' id='word_1_224' title='bbox 724 3479 842 3537; x_wconf 87' lang='lat' dir='ltr'>tibicine</span> <span class='ocrx_word' id='word_1_225' title='bbox 855 3479 976 3536; x_wconf 85' lang='lat' dir='ltr'>chordas</span> 
     </span>
     <span class='ocr_line' id='line_1_34' title="bbox 234 3575 922 3650; baseline -0.004 -15"><span class='ocrx_word' id='word_1_226' title='bbox 234 3576 385 3650; x_wconf 78' lang='lat' dir='ltr'>obliquae,</span> <span class='ocrx_word' id='word_1_227' title='bbox 400 3593 455 3634; x_wconf 89' lang='lat' dir='ltr'>nec</span> <span class='ocrx_word' id='word_1_228' title='bbox 467 3593 526 3632; x_wconf 90' lang='lat' dir='ltr'>nou</span> <span class='ocrx_word' id='word_1_229' title='bbox 538 3575 660 3650; x_wconf 84' lang='lat' dir='ltr'>gentilia</span> <span class='ocrx_word' id='word_1_230' title='bbox 672 3582 813 3650; x_wconf 84' lang='lat' dir='ltr'>tympana</span> <span class='ocrx_word' id='word_1_231' title='bbox 825 3591 922 3632; x_wconf 87' lang='lat' dir='ltr'>secum</span> 
     </span>
     <span class='ocr_line' id='line_1_35' title="bbox 232 3673 332 3730; baseline -0.02 0"><span class='ocrx_word' id='word_1_232' title='bbox 232 3673 332 3730; x_wconf 86' lang='lat' dir='ltr'>Vexit.</span> 
     </span>
     <span class='ocr_line' id='line_1_36' title="bbox 234 3765 971 3840; baseline -0.008 -14"><span class='ocrx_word' id='word_1_233' title='bbox 234 3769 374 3826; x_wconf 84' lang='lat' dir='ltr'>Rusticus</span> <span class='ocrx_word' id='word_1_234' title='bbox 385 3768 437 3825; x_wconf 91' lang='lat' dir='ltr'>ille</span> <span class='ocrx_word' id='word_1_235' title='bbox 450 3775 519 3826; x_wconf 89' lang='lat' dir='ltr'>tuus</span> <span class='ocrx_word' id='word_1_236' title='bbox 532 3766 621 3829; x_wconf 83' lang='lat' dir='ltr'>sumit</span> <span class='ocrx_word' id='word_1_237' title='bbox 633 3766 829 3840; x_wconf 86' lang='lat' dir='ltr'>trechedipue,</span> <span class='ocrx_word' id='word_1_238' title='bbox 841 3765 971 3837; x_wconf 80' lang='lat' dir='ltr'>Quirine,</span> 
     </span>
    </p>
   </div>
   <div class='ocr_carea' id='block_1_3' title="bbox 0 0 1353 4350">
    <p class='ocr_par' dir='ltr' id='par_1_4' title="bbox 0 0 1353 4350">
     <span class='ocr_line' id='line_1_37' title="bbox 0 0 1353 4350; baseline 0 0"><span class='ocrx_word' id='word_1_239' title='bbox 0 0 1353 4350; x_wconf 95' lang='lat' dir='ltr'> </span> 
     </span>
    </p>
   </div>
  </div>
 </body>
</html>
