2672 4350
608 360 725 402 suntne
747 360 790 403 1v.

587 761 745 820 SATIRA
766 763 821 822 IV.

225 891 311 951 Ecce
322 892 429 950 iterum
443 890 603 967 Crispinus,
618 899 648 948 et
660 899 705 948 est
717 893 791 950 mihi
805 910 880 968 saepe
892 893 1040 953 vocandus

225 989 275 1046 Ad
287 997 395 1063 partes,
409 997 571 1047 monstrum
583 989 668 1046 nulla
679 989 790 1047 virtute
801 991 962 1049 redemtum

224 1087 256 1142 A
269 1085 357 1157 vitiis,
373 1103 449 1162 aeger
461 1087 579 1159 soleque
591 1085 713 1143 libidine
725 1085 819 1144 fortis.
944 1103 946 1110 ·

226 1180 305 1252 Quid
317 1179 404 1238 refert
418 1180 517 1257 igitur,
531 1181 648 1255 quantis
657 1181 792 1256 jumenta
804 1183 907 1261 fatiget

177 1291 182 1298 ·
224 1277 400 1351 Porticibus,
414 1285 525 1352 quanta
538 1295 691 1336 nemorum
705 1287 836 1364 vectetur
847 1282 879 1337 in
893 1279 1005 1354 umbra,

193 1361 208 1434 ,⁵
225 1375 246 1434 J
247 1393 335 1453 ugera
350 1382 423 1449 quot
435 1374 532 1432 vicina
544 1373 617 1448 foro,
633 1393 706 1449 quas
716 1378 819 1434 emerit
831 1376 926 1436 aedmi

225 1471 322 1530 Nemo
334 1472 430 1529 malus
442 1469 523 1544 felix,
536 1472 659 1530 minime
671 1481 831 1549 corruptor,
847 1482 876 1530 et
886 1475 965 1531 idem

226 1568 367 1640 Incestus,
383 1585 450 1626 cum
464 1586 524 1642 quo
537 1586 631 1645 nuper
643 1571 749 1627 vittntn
756 1569 874 1644 jacebat

227 1667 373 1744 Sanguine
386 1667 483 1724 adhuc
495 1666 564 1723 vivo
577 1673 685 1724 terram
700 1668 831 1725 subitura
843 1665 984 1726 mcerdos.

227 1765 286 1824 Sed
297 1782 377 1822 nunc
388 1764 425 1822 de
438 1762 523 1823 factis
537 1763 765 1823 levioribus-ret
777 1773 875 1823 tamen
889 1766 964 1823 alter
1144 1763 1183 1823 10

227 1861 260 1920 Si
273 1859 385 1920 fecisset
398 1861 486 1934 idem,
501 1861 617 1918 caderet
630 1862 684 1918 sub
693 1858 794 1934 judice
806 1880 929 1921 morum.

226 1957 306 2016 Nam
319 1958 398 2032 qnod
411 1943 496 2033 turpe‘
509 1957 602 2028 bonis,
616 1957 697 2014 Titio
711 1957 844 2032 Seioqne,
859 1959 978 2017 decebat

228 2055 404 2130 Crispinum.
419 2117 422 2124 ,
446 2055 525 2126 Quid
538 2071 617 2130 agas,
633 2071 722 2128 quum
737 2055 802 2111 dira
815 2063 845 2112 et
857 2053 962 2112 foedior
974 2053 1054 2112 omni

228 2150 359 2211 Crimine
372 2169 495 2228 persona
508 2151 572 2208 esti
613 2149 743 2207 Mullum
756 2168 809 2207 sex
821 2149 950 2208 millibus
962 2151 1042 2224 emit,

228 2249 408 2324 AEqnantem
422 2263 492 2306 sane
504 2246 625 2323 paribus
637 2247 769 2304 sestertia
781 2246 870 2320 libris,

228 2347 273 2406 Ut
286 2347 439 2423 perhibent
452 2346 503 2419 qui
516 2345 553 2402 de
566 2343 679 2420 magnis
691 2341 805 2416 majora
817 2344 983 2418 loquuntur.

229 2443 390 2503 Consilium
403 2442 493 2500 laudo
507 2441 635 2512 artificis,
647 2443 673 2498 si
686 2457 805 2499 munere
818 2445 902 2499 tanto

228 2543 412 2618 Praecipuam
425 2542 456 2598 in
471 2539 580 2607 tabulis
594 2555 690 2598 ceram
704 2540 780 2597 senis
792 2539 913 2598 abstulit
926 2540 998 2598 orbi.
1060 2535 1062 2539 ’

229 2639 285 2699 Est
297 2641 374 2698 ratio
387 2639 516 2710 ulterior,
531 2655 646 2713 magnae
659 2637 684 2695 si
698 2637 778 2709 misit
790 2637 898 2711 amica,
927 2631 930 2638 ⁴

230 2737 303 2809 Quae
316 2738 432 2796 vehitur
445 2736 544 2794 clauso
556 2734 625 2793 latis
638 2735 837 2810 specularibus
849 2742 942 2794 antro.
1008 2764 1018 2784 ·
1146 2736 1185 2794 to

229 2833 282 2891 Nil
294 2834 355 2892 tale
368 2840 529 2908 exspectes:
552 2833 625 2890 emit
638 2833 701 2889 sibi.
742 2832 842 2889 Multa
853 2832 994 2904 videmus,

230 2931 304 3003 Quae
316 2931 404 2988 muer
416 2937 446 2987 et
458 2928 536 3006 frugi
549 2948 609 2987 non
622 2927 692 2986 fecit
705 2928 837 3004 Apicius
879 2929 1002 3000 Hoetu,

230 3027 402 3086 Succinctus
414 3029 510 3103 patria
523 3026 680 3102 quondam,
695 3025 836 3098 Crispino,
851 3024 976 3100 papyro!

231 3123 299 3180 Hoc
311 3124 438 3200 pretium
451 3123 594 3198 squamae!
637 3121 742 3180 Potuit
755 3119 876 3177 fortasse
888 3120 1008 3178 minoris

230 3219 371 3294 Piscator,
386 3238 474 3295 quam
490 3219 586 3296 piscis,
600 3219 667 3277 emi.
708 3216 865 3276 Provincia
876 3215 954 3274 tanti

230 3315 340 3374 Vendit
353 3334 458 3392 agrem
480 3316 531 3373 sed
542 3314 667 3389 majores
679 3314 812 3391 Appulia
825 3313 934 3373 vendit.

231 3413 338 3485 erales
351 3421 424 3471 tunc
437 3412 539 3489 epulas
550 3413 647 3487 ipsum
660 3412 780 3487 glutisse
793 3419 928 3487 putemus

130 3529 136 3538 ·
230 3509 478 3586 Induperatorem‚
494 3528 586 3584 quum
599 3517 644 3568 tot
657 3510 797 3582 sestertia,
812 3519 926 3586 partem

231 3607 378 3684 Exiguam
393 3615 423 3664 et
435 3605 557 3665 medices
570 3613 697 3665 sumtum
710 3607 747 3664 de
759 3609 888 3683 margine
902 3617 1002 3680 coena,

231 3705 399 3779 Purpureus
413 3704 513 3778 magni
527 3703 648 3763 ructant
662 3721 761 3763 scurra
773 3705 881 3776 Palati,
1112 3764 1114 3770 ¹
1146 3699 1187 3758 80

230 3801 299 3862 Jam
314 3801 448 3878 princeps
461 3803 604 3875 equitum,
619 3820 726 3876 magna
739 3801 790 3874 qui
805 3819 875 3858 voce
888 3799 999 3857 solebat
