2708 4354
173 367 236 426 110
594 381 703 424 sensu

167 516 283 590 Frange
297 512 418 586 aliquid,
432 512 537 589 largire
550 511 641 586 inopi,
656 529 694 568 ne
707 509 803 586 pictus
815 510 929 566 oberret

168 612 301 673 Caerulea
313 611 344 667 in
357 609 467 667 tabula.
509 609 568 667 Sed
580 625 694 666 coenam
707 606 815 664 funeris
826 607 910 662 -heres

168 709 305 786 Negliget
317 691 420 778 iratus,
436 705 514 780 qnod
527 724 589 764 rem
603 705 777 770 emtaveris3
800 721 880 760 urnae

169 809 244 867 Ossa
257 804 378 862 inodora
391 804 482 875 dabit,
497 820 548 861 seu
562 802 673 878 spirent
686 803 820 859 cinnama
833 799 961 870 surdum,

171 905 229 962 Seu
243 920 340 962 ceraso
353 906 472 976 peccent
486 899 580 971 cesiae,
595 899 704 956 nescire
718 884 844 972 paratus.
878 900 881 906 '
950 896 953 901 ’

169 1002 254 1058 Tune
268 1001 343 1056 bona
355 996 509 1056 incolumis
524 995 660 1052 minuas?
702 995 744 1052 Et
756 993 874 1052 Bestius
886 998 970 1067 urget

170 1099 312 1155 Doctores
325 1095 449 1155 Graios:
474 1098 494 1129 ‘⁶
502 1093 552 1151 Ita
563 1093 607 1166 fit,
621 1099 775 1167 postquam
788 1108 887 1166 sapere
901 1089 965 1147 urbi

170 1195 247 1253 Cum
259 1193 359 1270 pipere
373 1198 402 1249 et
416 1190 522 1267 palmis
535 1189 616 1248 venit
628 1196 761 1246 nostrum
773 1187 830 1245 hoc
843 1187 932 1244 maris
945 1201 1054 1260 expers,

171 1285 327 1350 Foenisccae
341 1305 436 1347 crasso
448 1287 592 1348 vitiarunt
605 1287 734 1362 unguine
746 1284 871 1360 pultes.’'
1027 1281 1031 1288 '
1086 1283 1126 1339 40

171 1387 246 1446 Haec
259 1386 352 1445 cinere
365 1385 487 1444 ulterior
500 1383 629 1442 metuas!
645 1457 647 1461 Ι
672 1382 718 1440 At
730 1390 774 1453 tu,
789 1398 870 1438 mens
883 1381 974 1452 heres,

70 1534 75 1539 .
171 1483 311 1558 Quisquis
324 1484 387 1556 eris,
404 1482 524 1560 paulum
537 1499 557 1538 a
570 1482 658 1538 turba
670 1479 815 1537 seductior
827 1478 904 1535 sudi.

171 1579 199 1638 Ο
213 1582 296 1652 bone,
311 1598 381 1656 num
394 1579 531 1654 ignoras?
552 1576 640 1634 missa
654 1582 697 1633 cst
711 1593 730 1632 a
745 1575 859 1634 Caesare
872 1575 970 1632 laurus

171 1675 318 1750 Insignem
332 1676 371 1732 ob
384 1674 496 1732 cladem
510 1672 666 1731 Germanae
680 1671 773 1746 pubis,
787 1679 817 1727 et
830 1671 889 1728 uris
998 1707 999 1712 κ

172 1772 307 1846 Frigidus
320 1772 469 1830 excutitur
482 1771 572 1838 cinis;
594 1767 703 1843 sejam
717 1769 848 1844 postibus
860 1787 953 1842 arms,

171 1869 241 1926 Jem
254 1867 419 1943 chlamydes
431 1885 541 1942 regum,
552 1865 616 1940 jem
629 1866 709 1924 lutea
721 1884 849 1943 gausape
860 1867 954 1942 captis

172 1966 346 2039 Essedaque,
361 1964 547 2040 ingentesque
559 1963 638 2022 locat
652 1963 786 2023 Caesonia
798 1964 925 2022 Rhenus.

172 2063 227 2121 Dts
241 2061 331 2138 igitur
344 2061 499 2136 Genioque
511 2061 593 2120 ducis
606 2060 723 2120 centum
738 2061 822 2138 paria
835 2060 873 2118 ob
885 2079 931 2118 res

172 2159 296 2236 Egregie
309 2165 404 2236 gestas
417 2158 544 2226 induco;
567 2159 632 2232 quis
646 2161 747 2218 vetati
769 2158 862 2226 sude;

101 2269 103 2271 ’
172 2258 236 2330 Vae,
250 2256 307 2315 nisi
321 2256 469 2314 connives!
513 2256 620 2316 Oleum
635 2263 835 2329 artocreasque
848 2255 963 2330 popello
1088 2254 1129 2312 50

173 2355 312 2430 Largior3
333 2373 372 2412 an
385 2353 539 2431 prohibes?
561 2353 608 2410 dic
622 2352 715 2411 clare!
761 2351 857 2410 “Non
869 2352 970 2423 adco,”
984 2351 1096 2424 inquis:

175 2452 361 2509 “Exossatus
373 2467 441 2526 ager
449 2449 538 2524 juxta
551 2451 622 2507 est.’'
664 2449 739 2524 Age,
754 2449 779 2505 si
793 2448 866 2505 mihi
880 2447 962 2506 nulla

172 2549 194 2606 J
194 2565 243 2604 am
255 2545 369 2618 reliqua
381 2563 420 2602 ex
432 2545 538 2617 emitis,
553 2544 693 2621 patruelis
704 2545 794 2616 nulls,
811 2544 960 2619 proneptis

118 2631 126 2642 ’
172 2642 263 2701 Nulla
275 2647 375 2698 manet
389 2642 497 2717 patrui,
509 2641 613 2726 sterilis
627 2649 783 2699 matertera
795 2642 880 2714 vixit,

173 2737 276 2812 Deque
289 2737 356 2796 avia
369 2737 493 2795 nihilum
506 2746 644 2814 superest,
660 2739 763 2795 accedo
777 2738 907 2796 Bovillas
986 2741 989 2744 ’

175 2837 349 2911 Olivumque
363 2837 400 2894 ad
409 2836 504 2908 Virbt,
520 2843 624 2912 praesto
638 2844 680 2893 est
693 2836 765 2893 mihi
779 2837 899 2895 Manius
910 2837 1000 2894 heres.

175 2919 195 2971 ‘⁸‘
204 2935 360 3011 Progenies
373 2941 459 2992 terrae
466 2934 498 2991 ‘i'’
541 2933 647 3006 Quaere
661 2952 699 2990 ex
711 2951 767 3006 me,
783 2935 849 3008 quis
863 2935 936 2991 mihi
950 2943 1072 3009 quartus

175 3033 221 3092 Sit
234 3038 334 3107 pater:
353 3031 431 3088 haud
444 3038 586 3106 prompte,
596 3031 692 3090 dicam
706 3026 822 3100 tament
843 3031 916 3089 udde
929 3031 1016 3089 etiam
1031 3051 1131 3102 uuum,

175 3133 276 3189 Unum
290 3130 396 3196 etiam3
418 3131 517 3187 Terrae
531 3136 575 3188 est
584 3128 648 3204 jam
660 3129 753 3188 filius:
776 3137 805 3187 et
818 3130 890 3187 mihi
903 3129 963 3186 ritu

175 3227 294 3284 Munius
307 3226 355 3283 hic
367 3226 479 3302 generis
493 3245 582 3303 prope
595 3225 689 3300 major
701 3228 864 3286 avunculus
876 3225 946 3284 exit.
1091 3227 1130 3280 60

176 3324 237 3396 Qui
249 3323 329 3400 prior
341 3341 381 3397 es,
395 3343 448 3382 cur
460 3343 507 3383 me
520 3324 552 3381 in
565 3324 686 3381 decursu
700 3323 836 3398 lampada
850 3322 964 3398 poscis?

177 3422 249 3479 Sum
262 3420 317 3477 tibi
331 3420 494 3478 Mercurius
504 3441 512 3487 3
524 3420 619 3477 renio
633 3421 715 3477 Deus
728 3420 786 3478 huc
800 3438 861 3495 ego,
877 3428 910 3476 ut
923 3419 973 3474 ille

176 3517 329 3592 Pingitur:
350 3535 389 3575 sn
403 3517 518 3576 renuis?
538 3518 597 3575 vin’
612 3525 646 3574 tu
659 3517 783 3592 gaudere
799 3516 929 3575 relictis?

177 3616 268 3672 Deest
281 3614 394 3689 aliquid
406 3633 543 3681 summae3
565 3614 656 3670 minui
672 3613 761 3672 mihi:
784 3613 834 3670 sed
846 3615 901 3672 tibi
915 3621 1011 3670 totum
1025 3620 1076 3683 est,
1142 3681 1144 3686 ι

178 3710 325 3786 Quicquid
340 3711 372 3770 id
387 3718 439 3769 est.
482 3711 544 3768 Ubi
559 3709 606 3790 sit,
624 3708 691 3786 suge
706 3728 842 3784 quaerere,
857 3710 935 3784 quod
950 3711 1023 3768 mihi
1039 3728 1131 3783 quon·
1241 3741 1246 3752 ·

258 3809 327 3865 dam
