2702 4354
603 399 720 441 sn'rlssl
741 399 801 442 x11.

580 799 738 860 SATIRA
758 803 834 862 XII.

228 929 360 1003 Nnrm,
376 929 510 1004 Corvine,
525 931 575 989 die
586 933 660 990 mihi
673 933 786 992 dulcior
798 934 860 992 haee
872 933 936 1007 lux,
1001 989 1008 1000 ,

229 1031 297 1102 Qua
309 1027 400 1088 festus
413 1031 555 1106 promissa
568 1029 642 1088 Deis
654 1031 795 1089 animalia
808 1049 905 1108 cespes

229 1127 406 1202 Exspectat3
427 1127 544 1185 niveam
557 1129 676 1203 Reginae
690 1128 824 1187 ducimus
837 1147 950 1205 agnam,

228 1225 291 1281 Par
303 1223 401 1282 vellus'
409 1223 527 1281 dabitur
540 1225 683 1300 pugnanti
698 1224 835 1300 Gorgone
847 1227 964 1285 Maura

230 1319 289 1380 Sed
302 1320 404 1396 procul
418 1329 570 1398 extensum
584 1321 720 1397 petulans
733 1323 831 1396 quatit
844 1323 940 1382 hostia
953 1322 1061 1398 funem,

229 1419 354 1495 Tarpeio
367 1427 481 1476 servata
493 1419 573 1492 mvi,
588 1416 770 1494 frontemque
784 1427 932 1480 coruscat:

230 1515 344 1593 Quippe
357 1513 440 1574 ferox
452 1516 571 1589 vitulus,
586 1516 704 1592 templis
718 1524 851 1574 maturus
865 1525 894 1574 et
907 1534 974 1591 ara,

230 1613 470 1696 spargendusque
483 1631 573 1686 mero,
584 1630 671 1688 quem
681 1613 745 1688 jam
759 1614 850 1690 pudet
863 1616 954 1672 ubera
966 1614 1070 1673 matris

230 1711 353 1786 Ducem,
367 1712 419 1786 qui
432 1719 520 1770 vexat
533 1711 663 1770 nasuenti
677 1714 782 1770 robora
796 1730 896 1770 cornu.
1191 1783 1193 1787 Ι

231 1809 263 1867 Si
275 1826 321 1866 res
335 1809 433 1885 ampla
445 1809 523 1883 domi
536 1809 698 1882 similisque
711 1809 861 1869 affectibus
875 1816 958 1883 esset,
1151 1809 1189 1868 10

229 1907 371 1983 Pinguior
383 1907 523 1982 Hispulla
535 1907 700 1965 traheretur
711 1914 822 1980 taurus,
839 1915 868 1964 et
882 1908 948 1983 ipsa

230 2003 311 2062 Mole
323 2003 414 2080 piger,
428 2021 482 2064 neo
494 2003 619 2060 finitima
631 2003 761 2062 nutritus
774 2005 806 2060 in
820 2004 919 2078 herba,

230 2101 313 2159 Laeta
326 2101 377 2158 sed
390 2100 541 2158 ostendens
555 2098 699 2159 Clitumni
713 2095 823 2176 pascua
835 2100 954 2176 sanguis

130 2245 142 2260 ,
230 2199 300 2272 Iret,
314 2205 344 2255 et
361 2216 380 2256 a
392 2197 495 2276 granffi
508 2197 607 2256 eervix
620 2195 749 2254 ferienda
762 2197 906 2269 ministro,

230 2297 280 2356 Ob
292 2297 420 2354 reditum
432 2294 604 2371 trepidantis
616 2293 712 2380 adhue
725 2294 926 2376 horrendaque
938 2293 1017 2371 passi

229 2396 333 2470 Nuper
346 2401 376 2452 et
389 2395 563 2453 ineolumem
577 2409 639 2450 sese
652 2391 789 2450 mirantis
801 2392 899 2450 amici.

230 2492 308 2550 Nam
322 2500 426 2568 praeter
438 2491 535 2567 pelagi
551 2507 634 2548 casus
648 2497 678 2546 et
693 2488 823 2547 fulminis
836 2489 910 2547 ictus

230 2588 343 2647 Evasit.
383 2589 490 2647 Densae
503 2587 611 2647 eoelum
626 2588 801 2650 abscondere
814 2589 940 2645 tenebrae

230 2685 316 2745 Nube
330 2705 398 2758 una,
414 2686 585 2759 subitusque
599 2692 742 2742 antennas
754 2684 872 2760 impulit
884 2683 970 2761 ignis,

232 2783 332 2854 Quum
345 2801 375 2840 se
389 2784 512 2856 quisque
524 2782 578 2841 illo
590 2799 760 2857 percussum
773 2781 909 2854 crederet,
925 2788 955 2839 et
968 2799 1040 2840 mox
1150 2783 1189 2841 20

231 2879 388 2937 Attonitus
401 2879 516 2937 nullum
529 2876 652 2937 conferri
666 2897 750 2955 posse
763 2885 880 2955 putaret

231 2971 426 3050 Naufragium
438 2975 512 3032 velis
525 2975 700 3033 sitientibus.
746 2975 855 3034 Omnia
866 2975 943 3032 liunt

232 3071 408 3142 Taliatam
421 3071 558 3147 graviter,
574 3071 600 3128 si
613 3072 731 3145 quando
744 3071 861 3146 poetica
873 3070 967 3148 surgit

231 3171 410 3244 Tempestas.
453 3168 556 3230 Genus
568 3178 635 3228 ecce
647 3169 728 3227 aliud
741 3168 929 3227 discriminis:
951 3167 1020 3244 audi

232 3268 273 3325 Et
286 3267 422 3325 miserere
434 3266 559 3326 iterum:
582 3285 750 3342 quanquam
763 3267 824 3326 sint
836 3273 934 3326 setara
945 3267 1034 3327 sortis·

232 3363 388 3438 Ejusdem:
409 3384 477 3442 pars
489 3367 555 3424 dira
568 3366 695 3440 quidem,
712 3364 763 3424 sed
776 3366 893 3442 cognita
905 3367 1015 3439 multis,

233 3463 273 3520 Et
286 3481 376 3538 quam
388 3465 489 3523 votiva
502 3471 646 3522 testantur
658 3461 849 3522 fanatabella

232 3560 373 3618 Plurima
416 3561 548 3620 Pictores
561 3561 626 3634 quis
640 3561 732 3618 nescit
745 3563 783 3619 ab
797 3561 875 3619 Iside
887 3561 988 3637 pannii

233 3656 351 3715 Aeeidit
366 3664 395 3715 et
408 3666 508 3716 nostro
521 3658 624 3716 similis
636 3655 755 3716 fortuna
769 3657 896 3717 Catullo·

234 3754 336 3827 Quum
348 3756 449 3830 plenus
462 3756 554 3813 fluctu
567 3755 677 3813 medius
691 3754 766 3812 soret
779 3756 887 3827 alveus,
901 3762 931 3812 et
941 3753 1014 3829 jam,
1152 3745 1192 3806 30

234 3850 392 3916 Alternum
404 3853 510 3928 puppis
522 3853 602 3910 latus
613 3833 813 3910 'evertentibus
826 3851 918 3921 undis,

684 3947 709 4004 O
720 3949 738 4003 2
