2654 4348
147 355 191 412 28
453 371 483 410 n.
503 369 592 410 suun
614 367 792 410 Juvauams
815 360 821 373 ·
929 375 939 392 ·

144 502 209 560 Aut
223 501 354 560 Fabius?
376 500 442 574 quis
458 500 548 559 Cotta
561 500 688 558 iterum?
709 499 776 574 quis
789 499 932 557 Lentulus
943 498 1040 558 alter?

144 599 229 656 Tunc
243 617 296 674 par
308 597 424 673 iugenio
438 597 583 670 pretium
605 603 676 654 tunc
689 596 761 654 utile
775 596 877 653 multis

145 696 267 766 Fallere,
280 703 309 752 et
322 695 424 752 vinum
438 700 501 750 toto
515 695 624 768 nescire
636 693 802 751 Decembri

185 793 291 849 Vester
303 808 388 868 porro
402 791 485 847 labor
500 787 658 861 fecundior,
675 790 864 846 historiarum

43 947 53 964 ‚
145 889 324 965 Scriptores?
346 889 419 964 petit
432 887 480 943 hic
494 886 560 962 plus
574 888 713 962 temporis
726 895 815 960 atque
828 886 886 945 olei
899 885 965 964 plus
975 875 990 944 :¹

145 986 280 1060 Namque
293 986 384 1043 oblita
397 985 476 1042 modi
492 985 644 1070 millesima
659 985 767 1060 pagina
780 986 874 1061 surgit
1044 986 1101 1044 1οΰ

145 1084 295 1154 Omnibus,
308 1091 337 1140 et
352 1083 447 1139 multa
460 1083 562 1140 crescit
573 1084 715 1153 ,annosa
728 1101 847 1159 papyro.
920 1130 925 1141 .

146 1180 196 1237 Sic
209 1180 308 1255 ingens
322 1198 418 1238 rerum
432 1197 569 1238 numerus
577 1179 661 1254 jubet
675 1187 762 1255 atque
775 1200 896 1258 operum
909 1182 965 1238 lex.
1057 1255 1058 1258 Ἴ

147 1263 220 1349 Quae
235 1285 332 1334 tamen
346 1269 417 1334 iude
428 1278 528 1352 seges?
549 1284 634 1334 terrac
647 1279 712 1352 quis
727 1276 838 1338 fructus
851 1281 979 1354 apertael

145 1377 218 1450 Quis
232 1377 313 1435 dabit
325 1377 470 1449 historico,
487 1386 630 1450 quantum
643 1379 725 1436 daret
738 1388 806 1438 acta
819 1381 946 1455 legenti?

145 1475 203 1536 Sed
215 1493 306 1550 genus
317 1475 464 1550 ignavum,
482 1476 559 1547 quod
572 1475 648 1532 lecto
661 1477 768 1551 gaudet
782 1484 811 1532 et
825 1478 945 1539 umbrat

184 1573 241 1631 Dic
255 1572 354 1648 igitur,
370 1573 438 1646 quid
452 1573 603 1628 causidicis
617 1573 716 1629 civilia
730 1581 867 1648 praestent

145 1669 257 1739 Officia,
270 1675 299 1725 et
313 1685 420 1742 magno
434 1659 553 1724 comites
567 1669 598 1724 in
612 1667 690 1726 fasce
703 1670 814 1728 libelli?

145 1765 206 1838 Ipsi
220 1782 326 1840 magna
339 1769 453 1835 sonarit,
468 1765 518 1820 sed
531 1772 610 1836 tunc,
626 1783 718 1838 quum
733 1768 857 1826 creditor
870 1770 962 1844 audit,

145 1861 302 1936 l‘raecipue,
316 1861 362 1918 vel
377 1860 400 1916 si
408 1861 510 1935 tetigit
523 1861 600 1917 latus
613 1863 709 1920 ¹acrior
722 1863 782 1936 illo,

146 1958 204 2026 Qui
219 1955 299 2012 venit
312 1954 350 2013 ad
363 1954 483 2012 dubium
496 1956 598 2032 grandi
613 1977 679 2016 cum
694 1962 791 2019 codice
804 1981 919 2022 nomen.
1044 1963 1102 2024 110

147 2054 232 2109 'lunc
246 2053 389 2109 immensa·
400 2052 464 2110 cavi
478 2053 590 2129 spirant
605 2057 754 2114 mendacia
767 2056 858 2132 folles,
957 2077 970 2114 s

146 2151 381 2228 Conspuiturque
394 2150 482 2209 sinus.
524 2151 634 2209 Veram
648 2154 821 2230 deprendere
834 2175 954 2215 messem

146 2249 178 2308 Si
193 2248 271 2321 libet,
282 2249 351 2334 hinc
363 2256 480 2306 centum
494 2249 671 2324 patrimonia
685 2253 906 2326 causidicorum,

147 2349 234 2404 Parte
248 2346 307 2402 alia
319 2345 414 2404 solum
427 2336 535 2402 russati
546 2365 620 2420 pone
634 2347 781 2406 Laoemae.

147 2443 307 2501 Consedere
321 2442 434 2499 Duces:
457 2444 548 2518 surgis
562 2450 595 2500 tu
610 2445 737 2519 pallidus
751 2447 834 2521 Ajax

147 2515 286 2598 Ibatur-us
298 2538 387 2595 dubia
401 2557 454 2612 pro
466 2539 608 2610 libertate,
623 2543 750 2600 bubulco

146 2637 167 2696 J
169 2637 257 2694 udiee.
302 2637 417 2712 Rumpe
430 2637 518 2694 miser
531 2638 749 2714 tensumjecur,
765 2649 799 2700 ut
812 2645 866 2704 tibi
879 2645 955 2704 lasso

148 2737 290 2811 Figantur
302 2735 417 2806 vimdes,
433 2737 574 2792 scalarum
588 2738 688 2813 gloria,
705 2740 817 2815 palmae.

150 2833 236 2904 Quod
249 2831 329 2888 vocis
342 2833 489 2906 pretium?
511 2834 604 2890 siccus
621 2838 826 2908 petasunculus
839 2849 869 2898 ct
881 2859 933 2898 vas

149 2929 349 3004 Pelamydum,
366 2939 418 2986 aut
431 2938 549 3002 veteres,
562 2913 703 2989 Afrorum
718 2934 868 3008 epimenia,
884 2937 975 3010 bulbi,

149 3027 214 3084 Aut
227 3027 328 3083 vinum
342 3027 440 3084 Tiberi
454 3027 614 3101 devectum,
630 3030 757 3104 quinque
771 3033 888 3108 lagenae,

150 3124 182 3182 Si
197 3131 300 3197 quater
313 3123 406 3200 egisti.
448 3125 481 3183 Si
494 3119 618 3202 contigit
631 3145 737 3186 aureus
750 3149 833 3202 unus,

149 3219 221 3276 Inde
234 3219 341 3276 cadunt
355 3228 460 3294 partes,
475 3240 513 3278 ex
527 3221 644 3294 foedere,
659 3226 912 3301 pragmaticorum.
983 3299 987 3304 Ι

151 3318 170 3348 “
178 3315 302 3372 AEmilio
314 3315 438 3388 dabitur,
455 3327 598 3397 quantum
609 3319 686 3395 licet,
702 3330 731 3378 et
744 3323 847 3381 melius
861 3343 914 3382 nos

150 3409 285 3488 ligimus:
308 3411 396 3486 hujus
411 3414 489 3472 enim
502 3401 561 3472 stat
575 3434 678 3474 currus
691 3437 795 3493 aeneus,
810 3420 864 3479 alti

151 3506 344 3585 Quadrijuges
357 3509 388 3566 in
401 3511 562 3583 vestibulis,
575 3519 664 3586 atque
676 3515 738 3590 ipse
750 3514 838 3575 feroci

150 3606 297 3664 Bellatore
310 3606 410 3664 sedens
423 3615 577 3666 curvatum
590 3610 694 3668 hastile
707 3613 837 3672 minatur

151 3701 283 3772 Eminus,
299 3711 329 3759 et
342 3710 439 3760 statua
451 3705 615 3762 meditatur·
623 3707 728 3780 proelia
740 3703 848 3768 lusca?

152 3797 203 3854 Sic
215 3798 295 3855 Pedo
309 3803 472 3872 conturbat,
487 3791 717 3869 Matho'delicit3
740 3807 836 3864 exitus
848 3809 896 3866 hic
909 3816 952 3866 est
