2672 4350
579 367 695 410 SATIRA
717 367 790 412 vm.

204 501 363 560 Delectant
374 461 492 558 hebetes
505 499 582 556 lasso
594 498 696 556 lictore
709 457 835 556 3111111131

204 599 315 674 Incipit
327 597 456 672 ipsorum
469 603 572 652 contra
584 602 614 652 te
628 603 706 652 atara
719 601 875 670 parentum

204 695 363 764 Nobilitas,
380 693 547 765 claramque
560 690 653 750 facem
667 682 799 766 piaeserre
812 689 963 765 pudendis.
973 691 1012 752 7*

15 771 16 792 1
98 835 102 840 -
204 793 302 857 Omne
316 789 406 848 animi
420 788 526 845 vitium
540 793 625 844 tanto
638 789 818 862 conspectius
831 786 862 843 in
877 804 907 843 se
1109 787 1166 843 140
1247 777 1252 790 ’

123 897 131 908 “
205 889 326 948 Crimen
340 888 435 957 habet,
451 891 563 957 quanto
576 881 671 956 major
684 885 735 957 qui
748 891 849 958 peccat
863 884 993 940 habetur.

205 987 274 1056 Quo
287 983 370 1055 mihi,
385 991 415 1039 te
428 980 549 1038 solitum
561 963 651 1038 falsas
665 981 779 1055 signare
791 981 915 1037 tabellas

205 1083 243 1140 In
257 1081 382 1156 templis,
388 1095 462 1154 'quae
476 1077 647 1150 fecitavua,
656 1084 840 1151 statuamque
853 1077 983 1152 parentia

15 1181 21 1203 ι
110 1167 127 1222 ᾗ
205 1181 287 1236 Ante
302 1175 530 1254 triumphalem?
551 1165 620 1248 qud,
635 1174 661 1231 si
674 1181 833 1233 nocturnus
847 1173 980 1263 adulteys
1128 1189 1216 1296 ps

205 1277 353 1351 Tempora
367 1273 527 1332 Santonico
539 1271 620 1330 velas
634 1270 775 1345 adoperta
788 1270 924 1329 cucullos
952 1273 1012 1302 *Ψ
1048 1251 1103 1278 Μ’
1213 1274 1236 1340 ,“

204 1375 318 1429 Praeter
330 1369 475 1444 majorum
489 1369 598 1426 cineres
612 1375 702 1442 atque
714 1377 781 1426 ossa
792 1367 904 1428 volucri

205 1469 356 1544 Carpento
369 1467 483 1541 rapitur
497 1465 613 1541 pinguia
625 1464 797 1536 Lateranus,
813 1465 925 1541 etipse,

205 1567 273 1641 Ipse
287 1572 384 1622 rotam
398 1564 554 1638 adstringit
568 1561 663 1620 multo
677 1562 839 1621 sufflamine
852 1562 978 1632 Consu13

158 1729 183 1747 h
205 1663 237 1720 N
303 1661 449 1736 ‚quidemz
472 1662 523 1719 aed
536 1659 609 1716 luna
621 1658 710 1730 videt,
726 1661 775 1718 sed
789 1661 884 1720 sidera
896 1669 985 1719 testes
1062 1645 1067 1654 ’

206 1761 295 1818 Inten
318 1767 372 1816 unt
385 1759 492 1817 oculos
533 1757 797 1833 Finitumtempus
811 1759 929 1818 honoria
1109 1760 1167 1819 150

206 1859 310 1929 Quum
323 1855 419 1928 suerit,
435 1857 516 1914 clara
528 1853 690 1913 lateranus
703 1853 769 1917 luae
782 1855 928 1932 flagellum

207 1955 321 2026 Sumet,
336 1960 366 2010 et
380 1970 532 2010 occursum
545 1970 698 2026 nunquam
712 1953 869 2027 trepidabit
883 1955 968 2014 amici

206 2052 277 2108 Jam
290 2049 376 2120 senia,
391 2068 427 2108 ac
439 2050 523 2125 virga
536 2049 618 2124 prior
631 2057 750 2122 annuet,
765 2059 853 2124 atque
865 2053 1010 2127 maniplos

15 2201 16 2208 ,
93 2159 96 2164 “
207 2148 318 2220 Solvet,
330 2153 359 2203 et
372 2145 659 2220 infundetjumentis
672 2146 781 2203 hordea
794 2147 885 2204 lassis.
984 2153 989 2162 '

207 2245 327 2314 Interea
339 2244 410 2301 dum
422 2243 539 2302 lanatas
549 2247 712 2322 robumque
720 2243 880 2318 juvencum

121 2392 125 2396 .
206 2345 292 2402 More
304 2341 411 2400 Numae
425 2342 509 2401 caedit
523 2343 608 2400 Jovia
622 2350 691 2403 ante
704 2343 811 2400 altaria
812 2341 913 2415 ‚jurat

207 2443 309 2502 Solam
323 2441 458 2517 Eponam
472 2405 604 2500 eth'faeies
617 2440 697 2549 311313
711 2441 753 2548 331
762 2456 900 2542 3111313111
898 2442 1026 2551 protea⁸
1038 2507 1072 2535 Ην

208 2537 267 2596 Sed
279 2556 370 2611 quum
385 2535 540 2611 pervigiles
554 2529 650 2610 placet
658 2517 827 2594 inst'ahrafe
838 2509 982 2612 3101111111,

208 2636 321 2694 Obvius
335 2633 451 2690 assiduo
465 2632 663 2708 Syrophoenix
677 2633 751 2691 udus
765 2652 880 2692 amomo

208 2731 318 2802 Currit,
333 2730 471 2787 Idumaeae
486 2729 685 2804 Syrophoenix
698 2731 795 2790 incola
807 2739 907 2807 portae.
1110 2734 1168 2792 160

208 2827 342 2902 Hospitis
355 2825 463 2882 affectu
475 2824 628 2883 dominum
640 2844 794 2902 regemque
807 2828 1003 2962 salomam&

208 2923 250 2981 Et
263 2942 331 2981 cum
343 2905 556 2998 venali'OEyane
569 2924 701 2980 succinta
705 2923 870 2999 dra-gena..-

248 3018 391 3077 Defensor
405 3019 498 3096 eulpa
512 3020 587 3078 dicet
601 3002 705 3090 mihi,
703 3023 721 3056 ‘⁶
729 3018 848 3077 fecimus
862 3029 892 3078 et
904 3040 958 3080 nos

208 3116 305 3176 Haec
292 3119 442 3190 Juvenes.'’
484 3117 566 3176 Esto.
611 3118 722 3176 Desisti
735 3135 847 3193 nempe,
862 3136 915 3178 nea
928 3121 1008 3178 ultra

209 3215 322 3272 Fovisti
335 3233 470 3272 errorem.
511 3216 607 3274 Breve
600 3215 686 3314 sit,
684 3215 762 3298 quod
775 3216 900 3290 turpiter
913 3217 1019 3287 audea3

209 3311 353 3384 Quadam
366 3330 433 3370 cum
446 3312 542 3388 prima
555 3297 721 3382 resecentur
734 3311 858 3370 crimina
871 3314 977 3383 barba3

210 3409 332 3485 Indulge
345 3411 461 3467 veniam
474 3411 588 3486 pueris·
610 3409 808 3486 Damasippus
821 3411 858 3470 ad
871 3411 938 3468 illos

209 3503 403 3564 'thermarum
417 3507 521 3564 oahees
525 3508 732 3592 praeruptaque
745 3509 836 3566 lintea
849 3509 941 3581 vadit,

209 3604 346 3661 Maturus
359 3605 445 3676 hello,
456 3603 607 3662 Armenias
621 3605 770 3682 Syriaeque
783 3607 897 3664 tuendis

210 3700 366 3774 Amnibns,
377 3703 525 3758 et'Rheno
539 3709 627 3775 atque
641 3703 726 3760 Istro.
763 3706 907 3761 Praestare
917 3703 1065 3760 Neronem
1110 3704 1167 3761 170

211 3798 354 3856 Securum
368 3800 447 3857 valet
461 3800 524 3857 haec
537 3809 615 3880 aetas.
656 3799 744 3856 Mitte
755 3791 841 3867 batia,
856 3798 964 3868 Caesar,
