2702 4354
585 385 702 428 earnm
724 385 791 427 x1v.
1124 375 1165 432 75

211 521 394 580 Parcendum
407 525 451 576 est
464 519 587 585 teneris;
608 518 738 576 nondum
751 518 908 594 implevere
919 521 1060 578 medullas

211 609 338 676 Maturae
351 617 430 674 mala
442 617 586 690 nequitiae.
629 616 728 688 Quum
742 625 855 691 pectere
868 618 987 676 barbam

213 715 350 792 Coeperit,
366 721 396 770 et
409 712 489 788 longi
501 729 669 770 mucronem
683 713 836 770 admittere
850 713 947 786 cultri,

212 812 317 870 Falsus
330 810 387 868 erit
400 811 490 882 testis,
504 809 609 867 vendet
623 807 752 884 perjuria
764 827 880 868 summa
1107 813 1166 871 210

211 909 337 984 Exigua,
349 907 462 966 Cereris
476 915 598 982 tangens
612 909 750 980 aramque
763 908 931 982 pedemque.

211 1006 331 1064 Elatum
339 1003 404 1078 jam
417 1004 500 1062 crede
513 1021 629 1076 nurum,
646 1003 672 1060 si
685 1004 786 1078 limina
798 993 896 1062 elstra

210 1101 366 1160 Mortifera
379 1118 446 1159 cum
460 1099 527 1158 dote
541 1101 628 1160 subit.
670 1100 785 1172 Quibus
797 1103 849 1162 illa
862 1109 1008 1178 premetur

211 1203 269 1258 Per
282 1217 416 1257 somnum
429 1199 527 1274 digitis
534 1198 544 1254 ,l
568 1216 636 1254 nam
651 1215 715 1271 quae
728 1205 863 1272 terraque
875 1202 1006 1274 marique

211 1296 397 1370 Acquirenda
410 1302 504 1371 putas,
519 1295 634 1353 brevior
647 1296 697 1353 via
710 1294 836 1353 conferet
848 1295 901 1352 illi.
996 1333 1002 1344 -

210 1391 317 1451 Nullus
331 1393 409 1450 enim
421 1393 520 1468 magni
533 1391 647 1450 sceleris
660 1392 772 1451 labor.”
816 1395 834 1426 “
843 1393 918 1450 Haec
931 1411 982 1470 ego
996 1412 1146 1469 nunquam

210 1490 379 1562 Mandavi‚’'
392 1491 469 1548 dices
484 1490 563 1562 olim,
582 1495 663 1548 “nee
676 1489 749 1548 talia
762 1489 869 1548 suasi.’'

211 1589 320 1647 Mentis
334 1607 422 1648 causa
435 1589 520 1646 malae
535 1597 633 1646 tamar
648 1596 734 1646 estet
748 1590 829 1665 origo
842 1605 930 1665 penes
942 1595 980 1646 te.
1049 1613 1051 1618 ·

210 1685 289 1744 Nam
303 1687 434 1765 quisquis
446 1687 544 1763 magni
558 1704 659 1744 census
671 1687 810 1763 praecepit
823 1703 952 1744 amorem

103 1853 105 1858 Ι
211 1782 251 1840 Et
264 1783 337 1840 laevo
350 1783 465 1840 monitu
479 1801 583 1858 pueros
595 1782 730 1859 producit
744 1801 855 1856 avaros,
1107 1786 1164 1844 220

211 1877 266 1955 [Et
279 1879 330 1953 qui
343 1897 394 1953 per
405 1877 521 1937 fraudes
534 1880 712 1954 patrimonia
725 1881 942 1961 conduplicare]

210 1977 273 2032 Dat
286 1976 458 2045 libertatem,
475 1981 504 2031 et
515 1981 592 2032 totas
605 1975 727 2033 effundit
739 1976 866 2035 habenas

212 2071 380 2131 Curriculo:
403 2088 488 2144 quem
501 2071 527 2128 si
540 2087 665 2142 revoces,
681 2073 836 2130 subsistere
849 2074 950 2158 nescit,

210 2169 252 2227 Et
266 2176 296 2226 te
310 2175 455 2226 contemto
468 2167 583 2243 rapitur
595 2167 739 2242 metisque
752 2169 868 2227 relictis·

210 2265 305 2324 Nemo
317 2265 388 2324 satis
402 2265 494 2324 credit
507 2263 624 2324 tantum
636 2265 814 2339 delinquere,
830 2273 981 2339 quantum-

120 2444 122 2449 ·
210 2365 384 2422 Permittas:
406 2363 479 2421 adeo
492 2363 644 2438 indulgent
657 2363 714 2420 sibi
727 2363 816 2420 latius
829 2363 894 2438 ipsi,

159 2451 166 2464 ⁸
212 2462 310 2532 Quum
323 2462 394 2520 dicis
402 2460 513 2536 juveni,
528 2461 660 2535 stultum,
675 2461 726 2536 qui
741 2461 829 2519 donet
842 2463 945 2536 amico,

212 2557 270 2630 Qui
284 2566 485 2633 paupertatem
499 2559 576 2616 levet
588 2558 766 2632 attollatque
779 2558 932 2635 propinqui
939 2582 949 2628 3

211 2653 252 2711 Et
265 2655 388 2730 spoliare
400 2654 484 2712 doces
497 2662 527 2712 et
540 2655 775 2712 circumscribere
789 2662 818 2713 et
831 2657 910 2714 omni

212 2749 341 2809 Crimine
355 2751 473 2810 divitias
486 2752 643 2824 acquirere,
662 2769 786 2826 quarum
799 2771 881 2810 arnor
894 2753 924 2810 in
937 2762 976 2827 te,
991 2831 994 2835 Δ
1106 2756 1165 2816 230

211 2846 348 2918 Quantus
360 2856 424 2906 erat
437 2849 539 2923 patriae
552 2849 713 2906 Deciorum
726 2849 758 2906 in
771 2858 894 2925 pectore,
909 2859 1052 2924 quantum

211 2943 327 3001 Dilexit
340 2945 464 3015 Thebas,
480 2945 505 3001 si
519 2943 635 3003 Graecia
647 2963 725 3018 vera,
739 2945 924 3004 Menoeceus:

176 3071 182 3082 ·
211 3041 248 3098 In
262 3059 386 3114 quorum
400 3040 488 3098 sulcis
500 3040 626 3116 legiones
638 3041 773 3100 dentibus
786 3044 890 3118 anguis

212 3138 290 3197 Cum
303 3137 411 3213 clypeis
424 3145 591 3210 nascuntur,
608 3146 638 3196 ct
650 3140 770 3197 horrida
782 3140 860 3198 bella
873 3147 1026 3215 capessunt

160 3279 172 3300 .
212 3233 369 3306 Continuo,
384 3241 527 3308 tanquam
541 3243 570 3292 et
584 3237 701 3294 tubicen
714 3237 873 3296 surrexerit
887 3247 955 3296 una:
977 3265 984 3276 ¹

211 3332 291 3408 Ergo
303 3331 408 3408 ignem,
424 3330 506 3407 cujus
519 3333 660 3392 scintillas
673 3336 736 3411 ipse
748 3334 861 3406 dedisti,

211 3429 399 3504 Flagrantem
412 3429 472 3486 late
486 3437 515 3488 et
528 3431 689 3506 rapientem
704 3439 810 3489 cuncta
822 3431 942 3490 videbis

211 3523 274 3584 Nec
287 3527 342 3586 tibi
355 3535 491 3604 parcetur
504 3528 619 3600 misero,
634 3527 836 3602 trepidumque
849 3529 1021 3604 magistrum

212 3620 250 3677 In
263 3639 352 3680 cavea
365 3641 472 3698 magno
485 3621 602 3681 fremitu
616 3623 662 3682 leo
675 3624 759 3682 tollet
772 3625 947 3699 alumnusa,

252 3718 282 3776 N
283 3727 333 3777 ota
345 3719 558 3778 mathematicis
570 3721 680 3795 genesis
694 3729 761 3776 tua:
784 3721 833 3776 sod
846 3739 934 3796 grave
947 3721 1046 3777 tardas
1108 3718 1167 3774 240

139 3855 142 3864 .
214 3811 392 3890 Exspectare
406 3815 492 3872 colus
533 3816 668 3874 Morieris
681 3815 805 3872 stamine
818 3815 946 3872 nondum
