2672 4350
180 341 227 400 40
486 356 625 399 mru1u1
647 355 835 398 susurrem.

178 489 335 547 rhenus
349 436 609 565 eeleoeeels
622 449 815 547 aesculeae

179 585 314 644 Coedibus
327 585 451 643 assiduis
466 585 570 661 gladio.
584 649 593 664 .
613 585 671 643 Sed
684 587 780 642 Roma
793 593 964 661 parentem,-

178 686 274 742 Roma
286 683 408 748 Patrem
421 683 530 740 Patriae
544 682 715 742 Ciceronem
729 682 820 740 libere
833 682 917 740 dixit.

177 781 306 856 Arpinus
320 781 397 838 alius
406 780 580 838 Volscorum
593 780 627 836 in
640 787 738 842 monte
752 779 863 840 solebat
964 831 968 839 .

177 877 301 934 Poscere
314 875 469 947 mercedes,
483 875 579 933 alieno
592 875 686 933 lassus
698 885 812 944 aretem

177 973 325 1032 Nodosam
338 974 482 1049 posehaec
495 951 647 1049 frangebat
660 973 768 1032 vertice
781 973 882 1046 vitem,

178 1073 210 1130 Si
222 1071 318 1128 lentim
332 1072 417 1148 pigra
429 1071 557 1128 muniret
569 1071 818 1130 cestradolebra:

177 1169 237 1226 Hic
249 1176 348 1228 temen
361 1176 391 1226 et
405 1168 540 1228 Cimbros
553 1176 584 1226 et
596 1170 853 1278 mmmafflemmla
865 1187 963 1228 rerum

177 1265 307 1342 Excipit,
321 1273 351 1323 et
364 1264 443 1324 solus
455 1265 649 1346 trepidantem
663 1232 790 1358 lrbtegil
803 1267 922 1334 urbem;
977 1323 980 1330 ,
1074 1263 1134 1323 250
1224 1303 1229 1312 ·

177 1363 278 1436 Atque
290 1364 364 1434 idco,
380 1371 536 1438 postquam
550 1363 589 1420 ed
604 1363 740 1422 Cimbros
752 1369 932 1440 stragemque
945 1361 1085 1454 velabant

163 1459 237 1531 ¹Qui
250 1477 400 1534 nunquam
414 1461 572 1537 attigerant
585 1457 698 1533 majore
711 1458 853 1518 cadevera
865 1439 954 1530 eolis}

175 1558 291 1620 Nobilis
304 1566 426 1616 ornatur
438 1559 521 1616 lauro
534 1557 646 1632 college
659 1556 818 1624 secundae

90 1655 93 1664 “
175 1655 301 1712 Plebeiae
314 1655 473 1714 Deciorum
486 1654 602 1725 animae,
616 1653 731 1728 plebeia
744 1651 862 1711 fuerunt

175 1750 318 1808 Nomina:
341 1769 394 1826 pro
408 1751 479 1811 totis
493 1750 655 1827 legionibus
669 1751 701 1808 hi
713 1756 821 1822 tamen,
833 1757 864 1807 et
876 1767 931 1826 pro

178 1847 322 1907 Omnibus
336 1847 463 1922 auxiliis,
478 1853 567 1920 atque
579 1847 661 1904 omni
674 1848 751 1923 pube
764 1846 881 1920 Latina,

175 1943 328 2003 Sufficiunt
341 1943 396 2001 Dis
408 1942 527 2002 infernis
538 1943 695 2018 Terraeque
708 1945 840 2020 parenti:

174 2041 272 2097 Pluris
285 2040 363 2098 enim
377 2013 471 2114 Dici,
486 2058 577 2116 quem
591 2059 656 2116 quae
669 2049 823 2101 serventur
836 2043 874 2102 eb
886 2041 954 2102 illis.

173 2137 293 2196 Ancilla
304 2145 392 2196 natus
406 2140 538 2198 trabeam
551 2146 581 2222 et
594 2139 728 2198 diadema
742 2139 860 2212 Quirini

174 2235 215 2292 Et
228 2232 319 2293 fasces
332 2236 448 2309 meruit,
462 2254 564 2312 regum
579 2236 700 2294 ultimus
712 2236 763 2294 ille
776 2237 925 2294 bonorum.
1071 2236 1132 2296 260

173 2333 295 2408 Prodite
307 2333 447 2390 laxabant
460 2340 612 2408 portarum
626 2332 754 2392 claustra
766 2331 899 2408 tyrannis

174 2429 332 2486 Exsulibus
341 2427 463 2502 juvenes
476 2429 566 2504 ipsius
580 2428 725 2503 Consulis,
739 2437 770 2487 et
783 2407 856 2504 quies

173 2527 318 2602 Magnum
329 2508 442 2599 leque
455 2525 609 2602 eusnpm
622 2517 890 2600 numerasset,

174 2623 261 2694 Quod
273 2623 429 2680 miraretur
442 2641 510 2692 cum
524 2623 637 2683 Coclite
649 2625 776 2696 Mucius,
788 2632 819 2684 et
832 2609 898 2700 qum

173 2719 292 2794 Imperii
305 2720 385 2792 fines,
396 2719 576 2792 Tiberinum,
592 2721 674 2796 virgo
686 2722 808 2782 natavit.

174 2815 299 2876 Occulta
312 2817 349 2872 ad
361 2818 466 2875 Patres
479 2817 618 2894 produxit
630 2819 752 2878 crimina
765 2837 875 2894 servus,

173 2913 318 2972 Maeonis
331 2913 487 2990 lugendus:
506 2921 537 2973 et
550 2915 617 2974 illos
629 2917 749 2974 verbera
758 2915 848 2992 justis

173 3009 316 3067 Afficiunt
330 3011 423 3086 poenis
436 3019 466 3068 et
479 3010 576 3088 legum
590 3013 686 3088 prima
697 3016 814 3074 securis.

213 3107 296 3164 Malo
310 3115 393 3182 peter
405 3107 461 3166 tibi
473 3108 512 3166 sit
525 3109 682 3182 Thersites,
697 3111 855 3170 dummodo
868 3120 901 3172 tu
914 3114 955 3173 sis
1035 3135 1037 3138 ·

173 3203 306 3261 AEacidae
320 3205 422 3262 similis
432 3204 635 3282 Vulcaniaque
648 3225 732 3266 arma
744 3227 884 3284 capessas,
1004 3202 1006 3211 '
1020 3189 1026 3266 ἶ
1042 3189 1050 3213 l
1069 3209 1129 3272 270

174 3299 271 3370 Quam
284 3308 314 3358 te
327 3301 470 3360 Thersite
483 3303 607 3375 similem
619 3305 762 3379 producat
774 3305 915 3363 Achilles.

174 3397 215 3453 Et
228 3404 335 3470 tamen,
349 3406 385 3456 ut
397 3398 482 3475 longe
495 3380 608 3476 repetis
620 3400 762 3475 longeque
775 3401 908 3486 revolvqs

173 3493 296 3568 Nomen,
312 3498 350 3554 ab
362 3495 466 3554 infami
478 3505 594 3572 gentem
606 3497 723 3555 deducis
737 3498 826 3572 asylo.

173 3589 321 3665 Majorum
334 3593 445 3668 primus
457 3594 586 3668 quisquis
598 3591 655 3650 fuit
668 3594 718 3650 ille
732 3601 858 3667 tuorum,
927 3635 933 3646 .

173 3688 239 3748 Aut
251 3698 351 3766 pastor
363 3689 420 3748 fuit
432 3699 486 3750 eut
497 3691 580 3763 illud,
595 3693 673 3765 quod
685 3691 778 3750 dicere
791 3691 867 3752 nolo.
