2672 4350
481 359 512 400 D.
531 357 619 399 JUNll
642 356 819 399 JUVENALIS

541 746 697 806 SATIRA
716 747 754 805 V.
817 745 822 752 ’

172 875 206 934 Sr
219 882 248 932 te
262 875 402 951 propositi
416 878 545 934 nondum
558 877 657 952 pudet,
672 885 759 950 atque
773 875 874 934 eadem
887 885 931 934 est
944 893 1035 952 mens,

94 983 98 994 ’
172 973 216 1029 U't
229 975 306 1030 bona
318 991 433 1030 summa
446 982 530 1049 putes
543 974 640 1031 aliena
653 975 751 1030 vivere
764 973 893 1046 quadra;

172 1069 204 1126 Si
218 1078 299 1145 potes
313 1071 364 1128 illa
377 1073 449 1145 pati,
465 1089 530 1145 quae
542 1089 596 1128 nec
611 1073 780 1130 Sarmentus
794 1071 909 1144 iniquus

171 1166 295 1224 Caesaris
309 1167 482 1241 admensus,
496 1186 549 1226 nec
562 1169 629 1226 vilis
643 1167 742 1226 Galba
754 1168 884 1225 tulisset:

171 1264 313 1335 Quamvis
322 1263 423 1336 jurato
438 1274 567 1324 metuam
581 1267 635 1324 tibi
650 1267 765 1323 credere
778 1265 853 1322 testi.

169 1362 280 1420 Ventre
294 1363 367 1420 nihil
381 1363 449 1420 novi
461 1360 613 1438 frugalius.
655 1363 722 1420 Hoc
736 1371 833 1420 tamen
846 1362 942 1438 ipsum

114 1505 119 1516 .
170 1458 317 1540 Desecisse
330 1468 410 1536 puta,
426 1461 504 1533 quod
517 1461 599 1516 inani
613 1459 718 1516 sufficit
730 1459 813 1516 alvo:

169 1555 261 1615 Nulla
274 1558 390 1633 crepido
403 1558 509 1614 vocati
529 1573 674 1629 nusquam
688 1573 760 1630 pons
773 1562 803 1612 et
817 1556 918 1630 tegetis
931 1573 999 1643 pars

169 1654 303 1712 Dimidia
315 1653 449 1712 brevior?
472 1653 584 1710 tantine
598 1650 703 1724 injuria
717 1651 827 1709 coenae?

168 1752 243 1808 Tam
252 1750 355 1825 jejuna
368 1750 466 1821 fames,
482 1767 573 1824 quum
586 1749 642 1806 Pol
656 1749 694 1806 sit
707 1749 854 1806 honestius
866 1748 929 1806 illic
1085 1751 1124 1809 10

147 1837 150 1842 ’
169 1847 209 1904 Et
223 1855 344 1906 tremere
357 1856 386 1906 et
400 1848 497 1906 sordes
509 1845 593 1904 farris
607 1846 722 1904 modere
736 1845 852 1906 caninii
1035 1827 1043 1840 ’

167 1946 268 2003 Primo
280 1946 335 2021 fige
349 1946 421 2017 loco,
437 1945 514 2020 quod
528 1953 571 2016 tu,
588 1944 766 2002 discumbere
775 1942 883 2018 jussus,

167 2042 331 2100 Mercedem
344 2043 467 2101 solidam
479 2051 610 2101 veterum
625 2043 705 2118 capis
719 2042 886 2100 officiorum.

167 2139 293 2198 Fructus
306 2141 442 2200 amicitiae
454 2159 568 2217 magnae
581 2141 679 2199 dhus:
701 2140 828 2215 imputat
841 2140 919 2198 huno
932 2157 994 2212 rex,

167 2237 216 2308 Et,
233 2239 366 2311 quemvis
378 2257 486 2311 rarum,
502 2245 600 2296 tamen
613 2237 749 2313 imputat.
791 2237 871 2312 Ergo
884 2237 956 2294 duos
969 2243 1036 2313 post

167 2335 200 2392 Si
214 2335 301 2393 libuit
314 2353 423 2394 menses
437 2335 600 2411 neglectum
613 2335 752 2392 adhibere
763 2334 906 2407 clientem,

166 2432 269 2490 Tertia
278 2452 316 2490 ne
329 2451 420 2490 vacuo
434 2439 556 2490 cessaret
570 2432 677 2490 culcita
688 2432 773 2503 lecto,

167 2530 262 2587 “Una
275 2531 391 2602 simus,''
406 2530 458 2588 ait.
499 2530 644 2587 Votorum
659 2547 788 2588 summa:
811 2530 882 2603 quid
896 2530 974 2588 ultra

166 2625 298 2697 Quaerisl
340 2627 440 2684 Habet
452 2627 586 2696 Trebius,
599 2632 718 2700 propter
731 2626 809 2700 quod
822 2645 955 2702 rumpere
968 2643 1101 2686 somnum

165 2722 279 2780 Debeat
291 2730 321 2779 et
333 2722 439 2798 ligulas
453 2723 609 2796 dimittere,
624 2723 774 2795 sollicitus,
789 2741 826 2780 ne
1081 2727 1121 2785 20

164 2821 242 2876 Tota
255 2819 410 2878 salutatrix
419 2818 483 2894 jam
497 2821 583 2877 turba
595 2822 738 2896 peregerit
752 2823 860 2894 orbem,

165 2917 312 2975 Sideribus
327 2917 430 2989 dubiis,
446 2924 500 2998 aut
513 2917 564 2974 illo
579 2925 716 2992 tempore,
733 2903 791 2992 quo
805 2936 851 2975 se.

165 3015 283 3090 Frigida
297 3015 498 3092 circumagunt
510 3015 586 3090 pigri
599 3034 716 3074 serraca
729 3017 839 3074 Bootae.

165 3111 268 3183 Qualis
281 3131 364 3170 coena
376 3114 496 3171 tament
537 3114 659 3186 Vinum,
674 3116 751 3188 quod
764 3115 865 3172 sucida
878 3114 953 3172 nolit

127 3242 130 3248 -
164 3209 247 3266 liena
260 3209 338 3284 pati:
361 3210 397 3266 de
410 3210 534 3268 conviva
549 3210 718 3287 Corybanta
731 3211 849 3270 videbis.

164 3306 184 3361 J
186 3305 268 3380 urgia
281 3305 452 3380 proludunt:
475 3307 524 3364 sed
538 3325 608 3380 mor
622 3317 651 3363 et
664 3308 769 3382 pocula
782 3313 899 3381 torques

165 3403 297 3474 Saucius,
311 3409 341 3459 et
354 3404 443 3460 rubra
457 3403 586 3478 deterges
597 3403 720 3462 vulnera
734 3422 858 3480 mappae

164 3501 244 3557 Inter
257 3517 309 3558 ros
322 3500 435 3571 quoties
449 3499 678 3573 libertorumque
692 3501 839 3557 cohortem

163 3600 268 3672 Pugna
282 3595 445 3671 Saguntina
456 3594 549 3654 fervet
563 3597 714 3654 commissa
726 3598 842 3673 lagena:

163 3692 229 3765 Ipse
243 3693 378 3767 capillato
392 3692 528 3748 diffirsum
544 3692 671 3750 Consule
685 3701 776 3767 potat,

164 3785 373 3860 Calcatamque
386 3795 466 3844 tenet
479 3789 560 3845 bellis
574 3790 725 3847 socialibus
740 3810 836 3863 uvam,
942 3777 944 3781 ⁵
