2702 4354
566 351 681 394 suumn
704 351 769 394 xlv.
1095 333 1141 390 ·71
1234 331 1240 342 '

189 486 352 542 Plurimum
365 487 444 543 enim
458 486 597 557 intererit,
613 485 717 557 quibus
731 483 844 540 ortibus
860 489 889 557 et
902 482 1008 556 quibus
1021 483 1099 539 hunc
1112 489 1146 540 tu

190 585 320 640 Moribus
334 584 477 640 instituas.
519 583 658 657 Serpente
672 581 784 638 ciconia
798 579 910 654 pullos·

189 680 291 737 Nutrit
304 688 334 736 ct
347 681 468 737 iuventa
481 697 532 755 per
545 678 630 736 devia
643 678 849 735 ruraluoerto:

189 777 238 833 Illi
251 777 351 833 ecdem
365 777 469 834 sumtis
482 783 616 850 quaerunt
629 773 768 832 animalia
781 774 884 849 pinnis
1106 773 1146 834 70

189 874 307 947 Vultur,
317 872 453 948 jumento
466 882 496 930 et
510 874 629 931 canibus
643 874 834 946 crucibusque
847 872 963 947 relictis,

190 973 239 1031 Ad
250 971 329 1030 fetus
341 977 487 1047 properet,
502 979 672 1046 partemque
685 970 833 1026 cadaveris
850 960 941 1030 affert.

189 1070 308 1156 Hicucst
321 1085 389 1144 ergo
402 1068 484 1127 cibus
497 1067 596 1142 magni
609 1085 724 1140 quoque
738 1067 864 1126 vulturis
877 1078 907 1126 et
921 1088 952 1128 so
1004 1127 1007 1136 .

188 1165 348 1238 Pascentis,
363 1165 481 1240 propria
493 1180 583 1237 quum
592 1161 742 1238 J'emlacit
754 1166 855 1232 arbore
868 1168 958 1225 nidos.

189 1264 249 1324 Sed
261 1264 389 1339 leporem
402 1267 456 1318 aut
470 1276 605 1335 capream
619 1257 736 1316 femulae
750 1261 771 1318 J
772 1280 834 1319 ovis
847 1271 877 1318 et
890 1281 1033 1338 generose

190 1362 228 1418 In
242 1361 318 1419 saltu
332 1367 475 1417 venantur
488 1375 571 1415 eves·
594 1356 665 1415 hinc
677 1357 776 1432 proedo
789 1358 876 1416 cubili
893 1381 946 1454 L
940 1369 991 1490 [u.

189 1459 332 1516 Ponitur.
355 1456 422 1514 inde
435 1464 545 1526 autem,
560 1473 651 1530 quum
665 1473 695 1513 se
709 1463 825 1513 matura
838 1456 941 1514 levarit

189 1557 346 1634 Progenies
359 1554 529 1614 stimulante
543 1553 629 1628 fame,
645 1553 763 1612 festint
750 1554 822 1658 ted
830 1553 921 1626 illum,

192 1653 430 1730 Quamprimum
444 1653 570 1729 praedam
585 1660 674 1728 rupto
687 1573 854 1728 gusqn'rerat
867 1670 931 1710 ovo.

231 1752 407 1809 AEdificator
420 1759 483 1809 erat
497 1751 652 1812 Cetr'onius
666 1760 696 1806 et
710 1749 796 1808 modo
810 1768 900 1808 curvo
905 1743 925 1784 ‘⁴
1108 1749 1149 1816 so

191 1849 290 1907 Litore
305 1848 425 1919 Coreto,
439 1845 554 1905 summu
566 1867 646 1905 nunu
658 1848 776 1906 Tiburis
789 1865 864 1918 arce,

190 1948 222 2007 N
222 1964 280 2004 unc
292 1945 480 2002 Praenestinis
493 1945 524 2000 in
537 1945 686 2002 montibus
700 1945 761 2002 alta
773 1946 897 2020 parabat

191 2043 332 2103 Culmina
344 2041 491 2114 villarum,
502 2039 615 2100 Graecis
627 2040 769 2116 longeque
782 2041 880 2116 petitis

148 2199 150 2203 .
191 2139 400 2210 Marmoribue
415 2137 534 2196 vincens
546 2137 684 2194 Fortunae
699 2143 786 2208 utque
800 2136 937 2212 Herculis
949 2135 1054 2196 aedemt

193 2237 237 2298 Ut
249 2236 341 2313 spado
354 2235 489 2294 vincebat
502 2232 655 2310 Capitolia
667 2241 767 2290 nostre
779 2231 908 2290 Posides.

193 2337 274 2395 Dum
287 2325 330 2393 sid
344 2353 412 2411 ergo
425 2333 540 2392 habitet
554 2331 718 2402 Cetronius,
734 2330 884 2388 imminuit
898 2348 967 2404 rem,

194 2433 295 2510 Fregit
308 2452 386 2510 opes,
401 2450 454 2492 nec
467 2449 560 2508 parva
572 2437 673 2488 tamen
686 2447 820 2486 mensuro
833 2429 942 2486 relictus

193 2533 291 2590 Partis
303 2539 382 2590 crat:
406 2538 499 2590 totum
512 2531 588 2588 hanc
601 2528 732 2586 turbavit
744 2526 823 2584 lilius
837 2545 946 2601 umens,

194 2630 275 2687 Dum
287 2630 407 2688 meliore
419 2646 511 2686 novus
524 2625 634 2686 attollit
647 2643 791 2684 marmore
804 2625 897 2684 villas.

235 2727 363 2799 Quidam
376 2725 472 2784 sortiti
486 2731 663 2784 metuentem
677 2713 798 2782 sabbate
811 2729 935 2797 patrem,
1110 2727 1149 2786 90

195 2824 246 2890 Nil
260 2832 363 2901 praeter
376 2825 466 2882 nubes
481 2831 511 2880 et
523 2822 590 2880 coeli
605 2839 712 2879 numen
726 2821 858 2902 adorant,

196 2921 257 2980 Nec
271 2922 378 2979 distare
391 2926 496 2995 putent
509 2908 639 2976 humans
652 2936 738 2976 cerne
752 2917 876 2988 suillam,

196 3018 263 3090 Qua
276 3023 361 3091 pater.
372 3015 532 3081 obstinuit3

196 3115 343 3172 Romanas
356 3118 454 3170 eutem
467 3110 545 3168 soliti
558 3117 741 3168 contemnere
753 3110 838 3186 leges,
939 3165 943 3172 ,

196 3210 353 3270 Judaicum
368 3207 499 3266 ediscunt
512 3214 543 3265 et
555 3215 672 3266 servent
686 3225 721 3266 ac
734 3213 869 3266 metuunt
878 3205 937 3282 jus,

196 3309 329 3368 Tradidit
342 3323 450 3366 menno
463 3306 654 3382 quodcunque
666 3305 815 3364 volumine
828 3306 932 3366 Moses

197 3406 255 3467 Sed
267 3413 351 3482 poter
362 3405 394 3464 in
407 3422 505 3476 cause,
521 3405 570 3462 cui
582 3403 705 3480 septima
717 3421 837 3479 quaeque
849 3401 907 3464 fuit
919 3406 972 3466 lux

192 3493 318 3580 ignaru,
329 3511 364 3584 ot
372 3509 488 3579 purtem
500 3502 570 3563 vites
582 3520 641 3561 non
654 3503 753 3578 attigit
765 3503 866 3560 ullam.

237 3601 348 3676 Sponte
359 3607 459 3658 tumen
468 3597 589 3672 J'uvenes
600 3598 756 3656 imitantur
769 3606 881 3671 ceteru3
902 3600 994 3661 solem

145 3727 148 3736 ·
198 3695 289 3754 Inviti
302 3713 418 3771 quoque
430 3695 586 3754 avaritiam
600 3713 738 3754 exercere.
740 3694 889 3769 jubentur.
1093 3697 1150 3754 100

197 3793 289 3852 Fallit
301 3795 379 3852 enim
388 3792 493 3852 ritum
505 3793 600 3870 specie
612 3793 730 3850 virtutis
742 3799 772 3848 et
785 3793 899 3865 umbre,
1005 3804 1010 3815 ·
1056 3793 1057 3796 ’
