2702 4354
609 376 717 418 euasit

554 782 713 844 SATIRA
732 783 776 845 11.

186 915 290 987 Hune,
303 913 444 987 Macrine,
460 913 537 972 diem
550 933 672 1001 pumera
685 915 804 974 meliore
817 913 929 992 lapillo,

187 1012 246 1084 Qui
260 1011 314 1068 tibi
328 1011 457 1068 labentes
471 1012 591 1086 apponit
606 1010 746 1069 candidus
759 1030 868 1078 annos3

186 1108 289 1165 Funde
303 1125 416 1164 merum
430 1107 535 1166 Genio.
577 1108 647 1166 Non
661 1116 695 1167 tu
708 1127 792 1184 prece
805 1109 899 1185 poscis
914 1109 1017 1182 emaci,

188 1204 262 1276 Quae
276 1205 332 1262 nisi
347 1204 472 1262 seductis
485 1223 611 1279 nequeas
625 1206 804 1263 committere
817 1206 911 1264 Divis·

187 1304 232 1361 At
245 1305 322 1362 bona
335 1321 404 1380 pars
417 1321 568 1378 procerum
581 1303 672 1361 tacita
684 1303 789 1361 libebit
802 1321 910 1360 acerra.

186 1402 277 1460 Haud
291 1401 382 1460 cuivis
396 1409 543 1476 promtum
561 1408 605 1458 eet
618 1418 808 1474 murmurque
820 1401 1001 1474 humileeque
1017 1417 1148 1458 susurros

185 1497 301 1556 Tollere
315 1498 351 1554 de
364 1497 490 1572 templis,
506 1503 536 1576 et
549 1503 649 1571 aperto
662 1495 761 1552 vivere
773 1496 864 1552 voto?

185 1595 271 1653 Mens
283 1596 369 1666 bona,
384 1592 473 1666 fama,
488 1592 566 1664 fides,
581 1592 644 1649 haee
658 1592 735 1648 clare
749 1598 779 1648 et
792 1600 827 1649 ut
841 1591 945 1650 audiat
957 1593 1075 1668 hospesz

185 1691 243 1748 Illa
256 1690 312 1748 eibi
325 1691 483 1747 introrsum
497 1696 527 1745 et
541 1689 596 1746 sub
608 1687 711 1762 lingua
723 1689 946 1747 immurmurat:
963 1690 1019 1749 “0
1032 1689 1058 1746 ei

185 1786 317 1845 Ebulliat
329 1785 428 1861 patrui
441 1785 613 1861 praeclarum
626 1783 731 1842 funus!
756 1795 794 1857 et,
808 1786 836 1845 0
850 1787 876 1843 si
1108 1788 1146 1845 10

186 1883 248 1941 Sub
261 1889 357 1940 rastro
370 1889 467 1957 crepet
479 1881 592 1956 argenti
605 1881 678 1938 mihi
693 1883 776 1955 serie,
792 1883 895 1941 dextro

185 1978 330 2036 Herculei
352 1977 531 2054 pupillumve
544 1979 669 2051 utinam,
686 1997 774 2053 quem
787 1979 937 2056 proximus
950 1980 1032 2038 heres

185 2075 317 2150 Impello,
333 2077 514 2150 expungam!
524 2125 527 2130 .
537 2093 666 2151 namque
679 2084 710 2133 et
721 2077 879 2149 ‘scabiosua
895 2085 926 2134 et
939 2079 999 2136 ecri

185 2172 252 2229 Bile
266 2179 368 2230 tumet.
409 2171 501 2230 Nerio
509 2171 574 2247 jam
587 2173 676 2231 tertia
691 2173 811 2231 ducitur
823 2193 899 2231 uxor
906 2174 935 2231 1”

187 2270 260 2327 Haec
273 2277 374 2328 eenole
386 2277 421 2326 ut
435 2288 544 2345 posces,
559 2270 700 2328 Tiberino
713 2270 744 2326 in
758 2271 873 2346 gurgite
886 2271 991 2346 mergis
1063 2345 1065 2349 Ι

185 2367 276 2424 Mane
289 2374 378 2442 ceput
391 2367 436 2425 bis
450 2375 560 2440 terque,
576 2374 606 2423 et
619 2375 735 2423 noctem
749 2367 869 2424 flumine
882 2384 997 2443 purgas.
1073 2379 1077 2388 “

226 2464 310 2520 Heus
323 2480 384 2538 ege,
399 2462 554 2537 responde3
576 2462 731 2520 minimum
745 2470 788 2522 eat
802 2464 880 2536 quod
893 2465 966 2521 seim
979 2464 1098 2542 laboro:

186 2561 233 2616 De
245 2560 321 2617 Jove
334 2558 405 2632 quid
418 2558 524 2615 sentiet
546 2564 627 2614 estne
638 2565 672 2616 ut
686 2576 853 2634 praeponere
867 2577 949 2618 cures

186 2655 276 2712 Hunc
289 2655 445 2727 cuiquam?
489 2656 507 2687 “
516 2652 663 2712 Ouinamt
685 2655 731 2712 vie
745 2655 850 2713 Staiol
872 2675 910 2714 an
924 2657 1033 2717 scilieet
1046 2659 1147 2731 haeres,

188 2750 262 2822 Quis
274 2737 369 2824 potior
377 2746 479 2823 judex,
494 2751 627 2824 puerisve
641 2751 707 2823 quis
723 2751 819 2825 aptior
832 2753 928 2812 orbis?
1107 2757 1148 2814 20

186 2847 253 2905 Hoc
266 2847 363 2921 igitur,
380 2864 437 2920 quo
450 2855 484 2904 tu
496 2847 580 2904 «lovis
594 2865 695 2904 aurem
709 2849 857 2923 impellere
871 2857 978 2920 tentae,

9 2919 11 2928 ’
79 2987 89 2995 .
186 2945 245 3003 Die
258 2943 381 3019 agedum
395 2943 496 3002 Staio:
518 2943 591 3020 proh
604 2943 739 3020 Jupiterl
763 2965 782 3004 o
795 2947 878 3021 bone,
893 2949 1009 3021 clamet,
1062 2934 1064 2938 ,

185 3041 319 3119 Jupiter!
342 3048 375 3097 at
387 3059 447 3099 sese
460 3061 520 3100 uon
533 3041 640 3099 clamet
651 3043 770 3118 Jupiter
783 3044 863 3120 ipse?

186 3140 335 3215 ignovisse
347 3147 444 3214 putas,
459 3139 539 3213 quie,
556 3157 648 3214 quum
661 3147 755 3214 tonat,
770 3143 851 3202 ocius
863 3143 924 3202 ilex

187 3235 304 3296 Sulfure
318 3237 474 3295 discutitur
486 3253 577 3311 sacro,
592 3255 681 3312 quem
695 3247 787 3313 tuque
800 3241 968 3315 domusque.

187 3335 238 3390 An
251 3334 322 3407 quia
334 3352 394 3391 non
407 3335 487 3392 fibris
500 3335 600 3393 ovium
614 3335 808 3412 Ergennaque
817 3336 939 3412 jubente

187 3431 282 3487 Triste
291 3427 372 3503 jaces
385 3431 457 3488 lucia
471 3432 699 3508 evitandumque
712 3434 850 3508 bidental,

188 3527 301 3585 Idcirco
315 3527 452 3585 stolidam
464 3530 576 3603 praebet
588 3531 644 3588 tibi
656 3531 763 3588 vellere
776 3533 897 3592 barbam

158 3655 162 3662 ,
187 3624 324 3701 Jupiter-l
347 3633 399 3682 aut
412 3625 553 3700 quidnam
563 3634 615 3698 est,
632 3645 691 3701 qua
703 3635 738 3685 tu
751 3631 880 3688 mercede
894 3632 1024 3689 Deorum

188 3721 303 3780 Emeris
316 3722 482 3781 auriculas?
503 3723 642 3799 pulmone
656 3731 686 3780 et
698 3724 824 3783 lactibus
838 3728 955 3786 unctis?
1104 3731 1144 3789 30

228 3811 306 3875 Ecce
319 3818 396 3890 avia,
412 3827 464 3876 aut
477 3824 608 3876 metuens
623 3819 734 3878 Divum
746 3829 912 3895 matertera,
928 3825 1009 3882 cunis
