2654 4348
180 337 222 396 38
487 353 517 394 n.
536 351 624 394 sunu
648 349 826 393 ruvnnsnrs

179 486 285 543 Mitte·
307 486 402 543 sedin
416 502 523 561 magna
535 485 663 560 legatum
676 499 772 557 quaere
785 483 910 558 popina;
1018 545 1023 583 Ι
1081 499 1143 574 ,ι

179 583 313 640 Invenies
326 582 425 656 aliquo
439 601 506 642 cum
521 578 948 674 percussurejaoentemfsui¹
962 584 1016 614 *⁸*
1068 572 1092 598 '¹

180 679 362 740 l’ermixtum
376 679 473 765 nautis
486 686 519 736 et
528 677 639 736 iuribus
652 696 687 734 ac
700 676 840 752 fugitivis,
877 719 885 728 .

180 778 261 834 Inter
275 745 432 833 carnifices
435 783 465 832 et
477 773 574 832 fabros
587 773 811 850 sandapilarum,

180 875 221 932 Et
234 873 392 948 resupinati
406 870 549 930 'cessantia
563 879 705 946 tympana
718 870 811 929 Galli.

180 971 280 1044 AEqua
293 970 333 1028 ibi
350 969 479 1039 libertas,
494 968 660 1026 eommunia
673 968 786 1042 pocula,
800 966 893 1025 lectus

180 1067 337 1138 Nonalius
350 1066 494 1140 cuiquam,
509 1082 563 1123 neo
576 1082 678 1122 mensa
690 1066 827 1122 remotior
839 1065 902 1123 ulli.
943 1071 949 1086 '
988 1057 991 1064 ’

181 1164 261 1238 Quid
277 1163 366 1222 iacias
381 1161 471 1221 talem
484 1163 614 1233 sortitus,
626 1156 759 1234 Pontice,
775 1163 908 1220 servum?

174 1261 315 1340 'Nempe
307 1281 338 1318 ιιι
351 1262 488 1320 Lucanos
499 1267 552 1323 aut
564 1261 661 1318 Tusca
673 1261 817 1337 ergastula
830 1262 940 1319 mittas.
1052 1257 1148 1379 ,180
1249 1331 1253 1339 Ι

181 1360 226 1419 At
238 1379 298 1432 vos,
314 1359 383 1434 Troj
370 1377 495 1436 Jugenae,
513 1358 593 1418 vobis
607 1359 764 1435 ignoscitis,
778 1367 808 1415 et
821 1303 1102 1460 quaeqsstwl'f'
1107 1352 1272 1446 ’χιιιιιιιιἱ

155 1541 158 1548 ¹
181 1461 294 1536 Turpia
306 1459 431 1528 cardoni,
441 1457 564 1516 Volesos
577 1458 882 1540 Brutumque..-
775 1456 923 1514 decebant
930 1423 1065 1519 Will‘*
1059 1447 1128 1564 MJ-

134 1589 139 1598 ·
181 1551 270 1629 Quid,
284 1555 309 1614 si
324 1574 473 1630 nunquam
487 1555 558 1612 adeo
572 1551 656 1611 soedis
668 1554 795 1626 adeoque
808 1553 949 1628 pudendis

181 1656 303 1712 Utimur
316 1653 465 1728 exemplis,
481 1658 515 1708 ut
530 1669 588 1707 non
602 1649 701 1724 pejora
715 1651 880 1724 supersint?

182 1752 350 1810 Consumtis
364 1750 468 1826 opibus
481 1767 591 1820 vocem,
602 1748 789 1823 Damasippo,
805 1749 907 1807 locasti

181 1847 306 1921 Sipario,
322 1845 480 1903 clamosum
493 1861 592 1920 ageres
604 1851 638 1900 ut
651 1844 781 1902 Phasma
795 1840 914 1904 Catulli.

161 1941 166 1948 '
181 1941 353 2000 Laureolum
369 1943 455 2000 velox
468 1942 557 2000 etiam
571 1942 643 1999 bene
656 1943 800 2000 Lentulus
812 1944 881 2019 egit,

181 2042 202 2098 J
204 2039 285 2097 ud1ce
298 2058 345 2097 me
358 2040 492 2116 dignus
475 2057 545 2098 vera
558 2057 651 2098 cruce.
693 2039 758 2098 Nee
770 2041 889 2098 tamen
880 2041 936 2116 ipsi

152 2207 155 2214 Ι
182 2139 318 2214 Ignoscas
331 2138 454 2215 populo.
477 2138 577 2237 populi
591 2136 671 2196 frons
684 2137 888 2220 duriorhu'jus,
1042 2207 1047 2218 ι

183 2237 242 2308 Qui
256 2237 335 2305 sedet
345 2245 406 2331 pt
393 2243 505 2312 spectat
492 2235 669 2301 ttriscurria
683 2235 879 2311 patriciorum,
1078 2236 1139 2304 190

181 2309 355 2408 Plhhipedes
371 2323 454 2411 audit
468 2333 585 2404 Fabios,
600 2332 693 2389 ridere
706 2341 803 2406 potest
815 2333 866 2406 qui

182 2417 439 2487 Mamercorum]
410 2447 429 2484 a
441 2437 519 2503 apas
561 2427 672 2498 Quanti
686 2447 738 2486 sua
752 2428 854 2486 funera
867 2413 1012 2503 vendant,¹

183 2527 262 2598 Quid
275 2525 382 2584 referti
424 2527 564 2583 Vendunt
577 2524 660 2583 nullo
673 2534 792 2601 cogente
805 2526 930 2600 Nerone,

182 2625 214 2682 N
214 2641 246 2680 ec
259 2624 395 2680 dubitant
409 2624 477 2680 celsi
492 2624 623 2696 praetoris
636 2623 758 2680 vendere
772 2624 853 2681 ludis

183 2721 275 2796 Finge
289 2729 387 2777 tamen
401 2721 512 2796 gladios
524 2722 600 2792 inde,
616 2729 704 2794 atque
717 2722 784 2780 hino
799 2721 1015 2797 pulpita'pone:

184 2817 263 2889 Quid
276 2819 386 2876 satius?
399 2801 404 2812 ⁸
427 2819 556 2874 Mortem
569 2818 612 2875 sic
625 2820 778 2892 quisquam
791 2821 950 2892 exhorruit,
966 2828 1000 2876 ut
1013 2819 1051 2877 sit
1147 2811 1150 2818 Δ

183 2915 340 2990 Zelotypus
354 2915 518 2991 Thymeles,
533 2915 639 2990 stupidi
658 2916 768 2990 collega
781 2916 935 2975 Corinthii

183 3015 241 3071 Res
254 3012 333 3072 haud
346 3013 423 3071 mira
434 3021 543 3084 tamen,
559 3013 719 3072 citharoedo
732 3013 875 3089 Principe,
889 3015 996 3072 mimus

182 3111 307 3169 Nobilis.
348 3112 422 3169 Haec
436 3111 515 3169 ultra
528 3110 600 3185 quid
615 3111 678 3180 erit,
694 3111 750 3168 nisi
763 3110 866 3168 ludusi
908 3112 949 3168 Et
962 3110 1038 3169 illud

183 3207 315 3264 Dedecus
328 3207 409 3264 urbis
423 3207 527 3264 habes.
549 3225 603 3264 nec
616 3205 822 3264 mirmillonis
813 3226 845 3264 ιιι
858 3208 954 3275 armis,
1078 3207 1138 3266 200

182 3303 245 3360 Nec
258 3303 359 3379 clypeo
374 3304 541 3363 Gracchum
554 3311 734 3393 pugnantem
748 3311 800 3361 aut
813 3303 888 3362 falce
902 3305 986 3379 supin

183 3401 326 3471 (Damnat
339 3403 418 3459 enim
431 3403 504 3460 tales
519 3402 653 3470 habitus3
676 3402 725 3460 sed
738 3401 859 3460 damnat
871 3411 901 3459 et
915 3403 988 3479 odit)

182 3497 246 3556 Nec
259 3497 342 3572 galea
354 3494 459 3556 faeiem
472 3499 639 3556 abscondit·
611 3505 761 3556 tmovet
773 3516 838 3572 eoae
852 3499 1016 3573 tridentem,

183 3595 344 3668 Postquam
358 3595 464 3654 librata
479 3596 633 3671 pendentia
645 3596 719 3653 retia
732 3595 836 3653 dextra

183 3689 390 3765 Nequidquam
404 3692 523 3760 effudit3
545 3693 655 3750 nudum
669 3693 707 3750 ad
717 3694 1009 3767 spectacula.vultum

184 3785 280 3861 Erigit
294 3795 323 3844 et
336 3795 400 3844 tota
413 3787 486 3862 fugit
499 3789 694 3864 agonoseendus
707 3807 803 3847 arena.
