2672 4350
571 359 688 402 smne
711 359 755 401 1v.

187 491 228 548 Et
241 499 295 548 tua
305 496 454 546 serratum
468 507 603 548 consume
616 490 649 548 in
663 492 761 550 secula
773 492 936 550 rhombum.

186 589 253 662 Ipse
267 587 332 662 capi
345 587 466 645 voluit.'’
481 587 590 658 otQuid
604 588 755 663 apertius?
777 597 807 645 ct
820 597 919 646 tamen
933 588 977 646 illi

188 685 354 760 Surgebant
366 683 467 740 cristae.
511 683 595 740 Nihil
609 691 661 754 est,
677 685 756 757 quod
765 686 882 762 ‘credere
896 686 931 742 de
944 703 975 742 se

186 780 254 838 Non
268 780 367 856 possit,
381 796 472 853 quum
485 779 624 837 laudatur
636 780 693 837 Dis
707 799 791 854 aequa
804 791 940 858 potestas.

187 877 246 936 Sed
260 879 357 934 deerat
370 876 443 951 pisci
456 877 564 952 patina
576 895 720 936 mensura
764 881 919 937 Vocantur

152 1007 158 1022 ·
186 975 267 1050 Ergo
279 975 311 1032 iu
325 974 477 1031 canalium
489 992 630 1048 proceres,
646 993 718 1050 quos
733 977 832 1034 oderat
845 976 913 1044 ille;

186 1071 224 1128 In
238 1088 362 1145 quorum
375 1070 450 1129 facie
463 1072 576 1130 miserae
589 1090 759 1148 magnaeque
773 1074 889 1131 sedebat

186 1168 288 1228 Pallor
301 1169 445 1225 amicitiae.
485 1169 610 1241 Primus,
626 1169 771 1228 clamante
784 1171 926 1244 Liburno,

189 1268 208 1298 “
218 1264 344 1335 Currite,
353 1263 416 1338 jam
431 1264 505 1322 sedit
513 1265 540 1322 !''
555 1273 642 1340 rapta
654 1269 829 1342 properabat
843 1269 940 1345 abolla

186 1364 324 1437 Pegasus,
339 1362 472 1419 attonitae
486 1362 597 1438 positus
608 1363 696 1420 modo
708 1363 822 1421 villicus
835 1365 909 1421 urbi.

187 1458 276 1521 Anne
289 1459 370 1516 aliud
382 1466 453 1517 tuno
466 1457 615 1535 praefectii
638 1477 761 1534 quorum
775 1461 903 1536 optimus
916 1470 1005 1535 atque

187 1556 335 1631 Interpres
348 1556 445 1632 legum
459 1555 669 1624 sanctissimum
692 1558 792 1614 omnia
804 1575 970 1632 quanquam

187 1655 380 1730 Temporibus
393 1653 465 1712 diris
477 1655 631 1711 tractanda
643 1658 767 1729 putabat
781 1656 886 1712 inermi

187 1753 208 1810 J
209 1752 317 1809 ustitia.
357 1751 449 1809 Venit
461 1757 492 1807 et
505 1750 603 1827 Crispi
612 1751 744 1825 jucunda
757 1762 895 1826 senectus,

188 1848 282 1923 Cujus
295 1857 378 1906 erant
392 1865 496 1920 mores,
510 1849 606 1922 qualis
620 1847 766 1922 facundia,
780 1827 852 1906 mite

188 1946 349 2021 Ingenium.
390 1945 489 2002 Maria
501 1963 536 2004 ac
549 1953 640 2004 terras
654 1947 835 2022 populosque
847 1947 958 2023 regenti

188 2043 263 2114 Quis
277 2061 371 2102 comes
384 2043 492 2115 utilior,
507 2044 533 2100 si
546 2043 627 2102 clade
641 2053 671 2102 et
684 2053 763 2119 peste
776 2047 830 2102 sub
842 2045 895 2102 illa

188 2140 337 2199 Saevitiam
351 2141 490 2198 damnare
503 2150 533 2199 et
546 2142 700 2198 honestum
714 2141 816 2208 afferre
829 2141 929 2200 liceret

108 2253 114 2260 ·
188 2237 369 2297 Consilium?
412 2240 470 2299 Sed
484 2239 555 2314 quid
567 2239 723 2296 violentius
736 2256 806 2296 aure
820 2237 947 2313 tyranni,

188 2335 265 2394 Cum
279 2354 337 2410 quo
351 2337 386 2394 de
400 2337 507 2412 pluviis
522 2343 575 2394 aut
588 2337 705 2394 astibus
718 2343 770 2393 aut
783 2336 915 2392 nimboso

186 2433 264 2490 Vere
277 2433 426 2506 loquuturi
439 2431 532 2490 fatum
546 2432 688 2508 pendebat
702 2431 806 2490 amioi‘l

187 2529 242 2586 Ille
255 2530 344 2607 igitur
355 2547 506 2604 nunquam
520 2530 627 2587 direxit
641 2531 761 2587 brachia
774 2538 877 2588 contra

187 2627 367 2700 Torrentem,
382 2644 435 2685 nec
448 2627 520 2684 civis
533 2635 604 2700 erat,
619 2627 671 2700 qui
684 2627 777 2684 libera
789 2635 885 2703 posset

186 2723 286 2780 Verba
299 2723 388 2780 animi
399 2720 537 2799 proferre,
548 2729 578 2778 ct
591 2722 684 2779 vitam
697 2722 860 2797 impendere
873 2739 950 2781 vero.

188 2819 238 2877 Sic
250 2820 359 2876 multas
373 2820 481 2876 hiemes
496 2828 584 2892 atque
599 2819 774 2894 octogesima
786 2819 860 2876 vidit

187 2916 328 2988 Solstitia,
344 2917 391 2972 bis
404 2917 492 2972 armis
506 2916 558 2972 illa
571 2933 686 2990 quoque
699 2923 780 2973 tutus
793 2917 824 2972 in
838 2916 916 2973 aula.

128 3061 131 3067 .
186 3014 343 3071 Proximus
356 3012 485 3086 ejusdem
498 3013 673 3087 properabat
685 3012 800 3069 Acilius
814 3012 868 3068 aevi

187 3109 264 3168 Cum
273 3108 389 3184 juvene,
404 3110 531 3186 indigno,
547 3127 634 3182 quern
648 3126 726 3166 mors
738 3117 799 3166 tam
812 3125 889 3164 saeva
901 3116 1030 3166 maneret

185 3207 228 3263 Et
242 3206 349 3264 domini
364 3206 468 3281 gladiis
482 3215 543 3263 tam
556 3205 708 3264 festinata:
732 3204 782 3262 sed
795 3205 865 3262 olim

185 3303 324 3378 Prodigio
337 3321 391 3378 par
404 3309 448 3359 est
461 3302 493 3358 in
508 3302 659 3359 nobilitate
673 3309 820 3359 senectus:

186 3401 272 3459 Unde
285 3402 329 3474 fit,
341 3409 375 3458 ut
388 3401 491 3458 malim
503 3397 675 3457 fraterculus
689 3417 748 3458 esse
763 3400 908 3476 Gigantis.
975 3429 978 3436 .

185 3495 301 3554 Profuit
314 3515 383 3572 ergo
395 3495 469 3552 nihil
483 3495 596 3566 misero,
609 3494 687 3569 quod
699 3495 830 3554 cominus
841 3513 924 3556 ursos

185 3593 309 3670 Figebat
321 3592 474 3664 Numidas,
483 3592 603 3649 Albana
616 3592 710 3651 nudus
724 3611 814 3650 arena
972 3585 974 3590 ’

184 3691 323 3748 Venator.
365 3689 439 3761 Quis
453 3688 530 3745 enim
540 3686 605 3760 jam
618 3707 676 3746 non
690 3689 835 3764 intelligat
849 3696 926 3746 artes
1084 3687 1141 3742 100

183 3786 350 3846 Patriciae?
393 3785 467 3857 Quis
480 3785 606 3860 priscum
619 3785 694 3842 illud
708 3787 832 3844 miratur
844 3801 974 3855 acumen,
