2654 4348
502 339 506 349 ·
607 320 724 362 surius
746 320 803 362 vu.
1142 311 1184 366 27

226 448 324 507 Pierio
337 449 504 524 thyrsumve
518 457 613 526 potest
626 454 792 529 contingere
805 471 876 512 sena
1144 459 1183 516 60

224 545 387 621 Paupertas
400 555 488 622 atque
502 548 568 604 aeris
580 549 673 625 inops,
688 567 746 624 quo
758 558 844 608 nocte
856 552 960 624 dieque

225 642 337 719 Corpus
351 653 432 720 eget:
454 652 534 702 satur
547 653 600 720 est,
611 665 702 720 quum
715 647 787 706 dicit
801 648 953 720 Horatius,
965 647 1060 706 Eune!

225 741 300 812 Quis
314 740 395 799 loeus
409 741 534 817 ingenio,
549 742 606 800 nisi
618 747 710 817 quum
723 731 755 800 se
769 744 896 802 carmine
909 744 972 802 solo

223 837 351 910 Vexent,
367 845 398 896 et
411 839 537 896 dominis
552 839 664 899 Cirrhae
677 837 824 917 Nysseque
836 839 968 901 feruutur

223 921 348 993 Pectore
360 941 468 1010 nostre,
482 937 555 994 dues
568 955 628 995 non
638 938 826 996 admittentia
840 941 942 998 curas?

223 1031 341 1109 Magnes
353 1033 460 1090 mentis
474 1051 556 1109 opus,
568 1051 622 1092 nec
634 1035 671 1092 de
684 1034 777 1094 lodice
790 1038 919 1112 peranda

223 1129 380 1206 Attonitae,
391 1149 492 1190 currus
504 1140 534 1189 et
547 1149 635 1206 equos
649 1132 793 1208 facieque
808 1135 940 1194 Deorum
1007 1205 1009 1210 ¹

223 1227 372 1304 Aspicere,
385 1236 415 1286 et
428 1229 523 1303 qualis
536 1229 680 1288 Rutulum
694 1230 850 1290 confundet
863 1233 999 1310 Erinnys.

161 1379 167 1388 ,
222 1325 303 1383 Nam
316 1327 341 1383 si
354 1327 481 1404 Virgilio
494 1345 567 1402 puer
580 1337 611 1386 et
624 1329 775 1387 tolerabile
787 1331 896 1388 deesset

224 1423 403 1499 Hospitium,
417 1423 553 1482 oederent
566 1443 666 1484 omnes
677 1445 701 1484 a
714 1427 840 1486 crinibus
853 1427 955 1503 hydri3
1003 1447 1006 1454 ⁴
1128 1428 1180 1490 '70

224 1521 319 1579 Surda
331 1521 404 1579 nihil
415 1529 543 1598 gemeret
555 1541 644 1600 grave
658 1525 790 1583 buccina.
831 1508 992 1599 Posuimus,
1007 1531 1041 1583 ut
1053 1524 1093 1583 sit

223 1620 291 1680 Non
305 1620 401 1678 minor
414 1621 537 1694 antiquo
550 1623 704 1680 Rubrenus
716 1621 820 1697 Luppr'e
832 1621 983 1693 cothurno,

224 1715 315 1790 Cujus
327 1724 357 1774 et
371 1717 498 1777 alveolos
512 1725 542 1776 et
556 1718 661 1776 laenam
676 1718 810 1794 pignerat
823 1718 942 1776 Atreus.

221 1813 290 1871 Non
303 1815 391 1873 habet
403 1813 506 1873 infelix
519 1815 666 1888 Numitor,
682 1815 761 1888 quod
773 1815 874 1872 mittat
887 1815 999 1874 emico:

223 1911 375 1983 Quintillae
388 1912 468 1986 quod
481 1913 578 1986 donet,
592 1913 698 1979 hebet3
720 1931 773 1970 neo
785 1909 877 1970 defuit
889 1913 942 1986 illi,

222 2008 311 2068 Unde
324 2017 432 2068 emeret
445 2010 539 2067 mults
551 2009 727 2084 pascendum
739 2029 824 2068 came
837 2010 950 2068 leonem

137 2105 138 2108 ’
221 2107 293 2166 Jsm
306 2107 466 2167 domitum:
489 2113 603 2166 constet
615 2105 717 2163 leviori
730 2107 826 2164 bellua
838 2114 940 2164 sumtu

221 2203 377 2278 Nimirum,
393 2204 559 2281 etcapiunt
571 2202 638 2279 plus
649 2202 788 2260 intestine
799 2209 902 2278 poetes.

222 2302 385 2361 Contentus
398 2299 479 2361 fama
486 2299 587 2375 jaceat
600 2300 738 2358 Lucanus
750 2300 781 2357 in
794 2299 888 2358 hortis

220 2397 408 2460 Marmoreis:
431 2407 463 2458 at
477 2399 604 2458 Serrano
617 2397 755 2472 tenuique
769 2398 866 2458 Saleio
1118 2379 1121 2383 ’
1137 2401 1177 2462 80

222 2497 326 2556 cusa
338 2496 519 2572 quantalibet
533 2495 605 2569 quid
618 2495 684 2580 ese,
698 2495 723 2552 si
736 2496 831 2572 gloria
843 2503 960 2554 tantum
974 2496 1040 2556 etr
1153 2480 1176 2518 ⁶

222 2594 357 2654 curritur
369 2597 408 2654 ed
420 2613 521 2670 vocem
530 2592 693 2668 jocundam
706 2599 736 2650 et
750 2610 868 2651 carmen
880 2594 982 2652 amices

221 2691 391 2764 Thebaidos,
407 2693 506 2750 lectum
521 2690 589 2748 fecit
603 2707 695 2764 quum
709 2689 822 2749 Statius
834 2691 946 2750 Urbem

184 2801 188 2812 ·
220 2789 413 2864 Promisitque
429 2791 513 2848 diem.
556 2788 656 2846 Teuta
668 2788 820 2846 dulcedine
833 2795 933 2864 coptos

213 2884 321 2966 Afficit
334 2886 384 2943 ille
398 2887 508 2943 animos
522 2892 663 2959 tantaque
676 2884 796 2942 libidine
809 2883 890 2960 vulgi

220 2981 367 3039 Auditur:
390 2981 447 3053 sed,
463 2999 556 3058 quum
568 2980 654 3058 fregit
667 2980 802 3040 subsellia
813 2998 907 3051 versu,

220 3078 331 3149 Esurit,
347 3077 488 3136 intactam
501 3077 604 3136 Paridi
617 3077 675 3136 nisi
687 3078 796 3134 vendat
809 3075 941 3152 Agaven.

220 3175 275 3233 Ille
289 3183 317 3232 et
332 3175 446 3233 milities
459 3173 560 3232 multis
573 3173 698 3250 largitur
710 3175 859 3246 honorem,

220 3272 356 3331 Semestn‘
370 3280 471 3330 vatum
484 3271 590 3348 digitos
604 3271 787 3348 circumligat
800 3289 880 3330 auro.

220 3369 307 3441 Quod
319 3389 377 3428 non
392 3369 464 3429 dant
478 3385 616 3446 proceres,
631 3367 712 3427 dabit
725 3369 844 3428 histrio:
866 3378 900 3428 tu
912 3367 1081 3432 Camerinos
1135 3371 1175 3428 90

220 3467 261 3524 Et
275 3468 394 3540 Bareas,
409 3474 443 3526 tu
457 3466 600 3526 nobilium
611 3483 722 3542 magne
731 3467 809 3526 atria
822 3469 925 3526 ciues?

221 3563 375 3622 Praefectos
388 3564 518 3639 Pelopea
530 3563 609 3638 feeit,
622 3563 788 3623 Philomela
801 3565 940 3623 tribunos.

221 3660 311 3718 Haud
324 3668 422 3718 tamen
435 3661 564 3718 invideas
577 3661 650 3733 vati,
665 3677 751 3733 quem
765 3659 881 3734 pulpita
893 3667 1024 3733 pascunt.

222 3757 295 3828 Quis
306 3757 361 3816 tibi
374 3757 539 3816 Maecenas?
561 3757 625 3828 quis
637 3773 715 3813 nuno
728 3755 784 3812 erit
797 3761 850 3810 aut
863 3753 1033 3812 Proculeius
