<?xml version="1.0" encoding="UTF-8"?>
<!DOCTYPE html PUBLIC "-//W3C//DTD XHTML 1.0 Transitional//EN"
    "http://www.w3.org/TR/xhtml1/DTD/xhtml1-transitional.dtd">
<html xmlns="http://www.w3.org/1999/xhtml" xml:lang="en" lang="en">
 <head>
  <title>
</title>
<meta http-equiv="Content-Type" content="text/html;charset=utf-8" />
  <meta name='ocr-system' content='tesseract 3.04.00' />
  <meta name='ocr-capabilities' content='ocr_page ocr_carea ocr_par ocr_line ocrx_word'/>
</head>
<body>
  <div class='ocr_page' id='page_1' title='image "./satiresjuvenala00juvegoog_0021.png"; bbox 0 0 2654 4348; ppageno 0'>
   <div class='ocr_carea' id='block_1_1' title="bbox 194 341 842 398">
    <p class='ocr_par' dir='ltr' id='par_1_1' title="bbox 194 341 842 398">
     <span class='ocr_line' id='line_1_1' title="bbox 194 341 842 398; baseline -0.014 0"><span class='ocrx_word' id='word_1_1' title='bbox 194 341 214 398; x_wconf 90' lang='grc'>4</span> <span class='ocrx_word' id='word_1_2' title='bbox 503 350 640 393; x_wconf 83' lang='grc'><strong>0101111</strong></span> <span class='ocrx_word' id='word_1_3' title='bbox 664 349 842 392; x_wconf 72' lang='lat' dir='ltr'>iuvenalis</span> 
     </span>
    </p>
   </div>
   <div class='ocr_carea' id='block_1_2' title="bbox 110 482 1150 3848">
    <p class='ocr_par' dir='ltr' id='par_1_2' title="bbox 110 482 1150 3848">
     <span class='ocr_line' id='line_1_2' title="bbox 192 482 967 558; baseline -0.012 -11"><span class='ocrx_word' id='word_1_4' title='bbox 192 488 329 547; x_wconf 80' lang='lat' dir='ltr'><strong>Pallante</strong></span> <span class='ocrx_word' id='word_1_5' title='bbox 343 493 372 542; x_wconf 94' lang='lat' dir='ltr'>et</span> <span class='ocrx_word' id='word_1_6' title='bbox 385 485 521 543; x_wconf 88' lang='lat' dir='ltr'>Licinis.”</span> <span class='ocrx_word' id='word_1_7' title='bbox 563 483 742 557; x_wconf 81' lang='lat' dir='ltr'>Exspectant</span> <span class='ocrx_word' id='word_1_8' title='bbox 755 499 822 558; x_wconf 88' lang='lat' dir='ltr'>ergo</span> <span class='ocrx_word' id='word_1_9' title='bbox 836 482 945 539; x_wconf 88' lang='lat' dir='ltr'>tribuni</span> <span class='ocrx_word' id='word_1_10' title='bbox 958 505 967 549; x_wconf 87' lang='lat'>;</span> 
     </span>
     <span class='ocr_line' id='line_1_3' title="bbox 193 579 842 654; baseline -0.015 -9"><span class='ocrx_word' id='word_1_11' title='bbox 193 586 325 646; x_wconf 75' lang='lat' dir='ltr'>Vincunt</span> <span class='ocrx_word' id='word_1_12' title='bbox 338 581 457 654; x_wconf 72' lang='lat' dir='ltr'>divitiae,</span> <span class='ocrx_word' id='word_1_13' title='bbox 472 597 554 637; x_wconf 84' lang='lat' dir='ltr'>sacro</span> <span class='ocrx_word' id='word_1_14' title='bbox 567 579 718 638; x_wconf 86' lang='lat' dir='ltr'>nee-cedat</span> <span class='ocrx_word' id='word_1_15' title='bbox 730 579 842 649; x_wconf 87' lang='lat' dir='ltr'>honori,</span> 
     </span>
     <span class='ocr_line' id='line_1_4' title="bbox 192 675 980 756; baseline -0.01 -16"><span class='ocrx_word' id='word_1_16' title='bbox 192 683 295 756; x_wconf 87' lang='lat' dir='ltr'>Nuper</span> <span class='ocrx_word' id='word_1_17' title='bbox 308 681 340 736; x_wconf 87' lang='lat' dir='ltr'>in</span> <span class='ocrx_word' id='word_1_18' title='bbox 354 679 430 736; x_wconf 89' lang='lat' dir='ltr'>hanc</span> <span class='ocrx_word' id='word_1_19' title='bbox 443 679 545 734; x_wconf 89' lang='lat' dir='ltr'>urbem</span> <span class='ocrx_word' id='word_1_20' title='bbox 557 675 680 752; x_wconf 85' lang='lat' dir='ltr'>pedibus</span> <span class='ocrx_word' id='word_1_21' title='bbox 693 676 745 749; x_wconf 91' lang='lat' dir='ltr'>qui</span> <span class='ocrx_word' id='word_1_22' title='bbox 758 683 877 733; x_wconf 86' lang='lat' dir='ltr'>venerat</span> <span class='ocrx_word' id='word_1_23' title='bbox 891 675 980 733; x_wconf 88' lang='lat' dir='ltr'>albis:</span> 
     </span>
     <span class='ocr_line' id='line_1_5' title="bbox 193 773 968 852; baseline -0.008 -16"><span class='ocrx_word' id='word_1_24' title='bbox 193 776 436 852; x_wconf 80' lang='lat' dir='ltr'><strong>Quandoquidem</strong></span> <span class='ocrx_word' id='word_1_25' title='bbox 449 775 593 832; x_wconf 89' lang='lat' dir='ltr'>internos</span> <span class='ocrx_word' id='word_1_26' title='bbox 606 773 787 832; x_wconf 85' lang='lat' dir='ltr'>sanctissima</span> <span class='ocrx_word' id='word_1_27' title='bbox 800 774 968 832; x_wconf 86' lang='lat' dir='ltr'>divitiarum</span> 
     </span>
     <span class='ocr_line' id='line_1_6' title="bbox 192 871 841 950; baseline -0.009 -16"><span class='ocrx_word' id='word_1_28' title='bbox 192 875 347 950; x_wconf 86' lang='lat' dir='ltr'>Majestas:</span> <span class='ocrx_word' id='word_1_29' title='bbox 371 872 435 945; x_wconf 89' lang='lat' dir='ltr'>etsi,</span> <span class='ocrx_word' id='word_1_30' title='bbox 449 871 565 929; x_wconf 83' lang='lat' dir='ltr'>funesta</span> <span class='ocrx_word' id='word_1_31' title='bbox 577 871 716 941; x_wconf 80' lang='lat' dir='ltr'>Pecunia,</span> <span class='ocrx_word' id='word_1_32' title='bbox 729 873 841 948; x_wconf 80' lang='lat' dir='ltr'>templo</span> 
     </span>
     <span class='ocr_line' id='line_1_7' title="bbox 191 969 1024 1040; baseline -0.007 -9"><span class='ocrx_word' id='word_1_33' title='bbox 191 972 332 1032; x_wconf 89' lang='lat' dir='ltr'>Nondum</span> <span class='ocrx_word' id='word_1_34' title='bbox 345 969 468 1040; x_wconf 87' lang='lat' dir='ltr'>habitas,</span> <span class='ocrx_word' id='word_1_35' title='bbox 484 969 580 1026; x_wconf 88' lang='lat' dir='ltr'>nullas</span> <span class='ocrx_word' id='word_1_36' title='bbox 594 985 781 1025; x_wconf 89' lang='lat' dir='ltr'>nummorum</span> <span class='ocrx_word' id='word_1_37' title='bbox 794 969 938 1026; x_wconf 84' lang='lat' dir='ltr'>ereximus</span> <span class='ocrx_word' id='word_1_38' title='bbox 950 985 1024 1039; x_wconf 83' lang='lat' dir='ltr'>aras,</span> 
     </span>
     <span class='ocr_line' id='line_1_8' title="bbox 192 1065 1148 1138; baseline -0.006 -10"><span class='ocrx_word' id='word_1_39' title='bbox 192 1071 237 1128; x_wconf 89' lang='lat' dir='ltr'>Ut</span> <span class='ocrx_word' id='word_1_40' title='bbox 251 1069 356 1128; x_wconf 89' lang='lat' dir='ltr'>colitur</span> <span class='ocrx_word' id='word_1_41' title='bbox 368 1069 436 1123; x_wconf 87' lang='lat' dir='ltr'>Pax</span> <span class='ocrx_word' id='word_1_42' title='bbox 449 1073 537 1138; x_wconf 85' lang='lat' dir='ltr'>atque</span> <span class='ocrx_word' id='word_1_43' title='bbox 551 1065 649 1137; x_wconf 81' lang='lat' dir='ltr'>Fides,</span> <span class='ocrx_word' id='word_1_44' title='bbox 660 1065 803 1137; x_wconf 83' lang='lat' dir='ltr'>Victoria,</span> <span class='ocrx_word' id='word_1_45' title='bbox 815 1065 927 1136; x_wconf 83' lang='lat' dir='ltr'>Virtus,</span> <span class='ocrx_word' id='word_1_46' title='bbox 1091 1066 1148 1122; x_wconf 88' lang='lat'>100</span> 
     </span>
     <span class='ocr_line' id='line_1_9' title="bbox 193 1139 867 1240; baseline -0.009 -16"><span class='ocrx_word' id='word_1_47' title='bbox 193 1145 324 1240; x_wconf 72' lang='lat' dir='ltr'>Quaeque</span> <span class='ocrx_word' id='word_1_48' title='bbox 337 1165 465 1222; x_wconf 85' lang='lat' dir='ltr'>salutato</span> <span class='ocrx_word' id='word_1_49' title='bbox 478 1163 602 1238; x_wconf 75' lang='lat' dir='ltr'>crepitat</span> <span class='ocrx_word' id='word_1_50' title='bbox 613 1142 776 1220; x_wconf 75' lang='lat' dir='ltr'>Conecrdia</span> <span class='ocrx_word' id='word_1_51' title='bbox 791 1139 867 1220; x_wconf 79' lang='lat' dir='ltr'>nido.</span> 
     </span>
     <span class='ocr_line' id='line_1_10' title="bbox 213 1260 1001 1342; baseline -0.009 -19"><span class='ocrx_word' id='word_1_52' title='bbox 213 1333 218 1342; x_wconf 31' lang='lat'>¹</span> <span class='ocrx_word' id='word_1_53' title='bbox 234 1263 291 1324; x_wconf 86' lang='lat' dir='ltr'>Sed</span> <span class='ocrx_word' id='word_1_54' title='bbox 306 1279 397 1337; x_wconf 90' lang='lat' dir='ltr'>quum</span> <span class='ocrx_word' id='word_1_55' title='bbox 410 1279 540 1318; x_wconf 88' lang='lat' dir='ltr'>summus</span> <span class='ocrx_word' id='word_1_56' title='bbox 553 1260 647 1318; x_wconf 90' lang='lat' dir='ltr'>honor</span> <span class='ocrx_word' id='word_1_57' title='bbox 659 1261 743 1317; x_wconf 90' lang='lat' dir='ltr'>finito</span> <span class='ocrx_word' id='word_1_58' title='bbox 755 1267 903 1336; x_wconf 88' lang='lat' dir='ltr'>computet</span> <span class='ocrx_word' id='word_1_59' title='bbox 916 1277 1001 1330; x_wconf 87' lang='lat' dir='ltr'>anno,</span> 
     </span>
     <span class='ocr_line' id='line_1_11' title="bbox 193 1355 994 1436; baseline -0.011 -16"><span class='ocrx_word' id='word_1_60' title='bbox 193 1360 331 1436; x_wconf 80' lang='lat' dir='ltr'>Sportula</span> <span class='ocrx_word' id='word_1_61' title='bbox 344 1357 415 1431; x_wconf 92' lang='lat' dir='ltr'>quid</span> <span class='ocrx_word' id='word_1_62' title='bbox 428 1355 542 1428; x_wconf 78' lang='lat' dir='ltr'>referat,</span> <span class='ocrx_word' id='word_1_63' title='bbox 557 1363 702 1428; x_wconf 86' lang='lat' dir='ltr'>quantum</span> <span class='ocrx_word' id='word_1_64' title='bbox 714 1356 876 1413; x_wconf 88' lang='lat' dir='ltr'>rationibus</span> <span class='ocrx_word' id='word_1_65' title='bbox 890 1356 994 1414; x_wconf 86' lang='lat' dir='ltr'>addat:</span> 
     </span>
     <span class='ocr_line' id='line_1_12' title="bbox 193 1451 1095 1529; baseline -0.007 -16"><span class='ocrx_word' id='word_1_66' title='bbox 193 1456 271 1529; x_wconf 81' lang='lat' dir='ltr'>Quid</span> <span class='ocrx_word' id='word_1_67' title='bbox 285 1454 393 1513; x_wconf 81' lang='lat' dir='ltr'>facient</span> <span class='ocrx_word' id='word_1_68' title='bbox 408 1454 537 1525; x_wconf 81' lang='lat' dir='ltr'>comites,</span> <span class='ocrx_word' id='word_1_69' title='bbox 553 1453 659 1525; x_wconf 89' lang='lat' dir='ltr'>quibus</span> <span class='ocrx_word' id='word_1_70' title='bbox 671 1452 740 1509; x_wconf 88' lang='lat' dir='ltr'>hinc</span> <span class='ocrx_word' id='word_1_71' title='bbox 753 1459 830 1526; x_wconf 84' lang='lat' dir='ltr'>toga,</span> <span class='ocrx_word' id='word_1_72' title='bbox 845 1451 956 1508; x_wconf 86' lang='lat' dir='ltr'>calceus</span> <span class='ocrx_word' id='word_1_73' title='bbox 970 1452 1039 1508; x_wconf 92' lang='lat' dir='ltr'>hinc</span> <span class='ocrx_word' id='word_1_74' title='bbox 1051 1457 1095 1508; x_wconf 86' lang='lat' dir='ltr'>est</span> 
     </span>
     <span class='ocr_line' id='line_1_13' title="bbox 193 1548 970 1628; baseline -0.009 -18"><span class='ocrx_word' id='word_1_75' title='bbox 193 1553 235 1610; x_wconf 87' lang='lat' dir='ltr'>Et</span> <span class='ocrx_word' id='word_1_76' title='bbox 247 1553 331 1628; x_wconf 87' lang='lat' dir='ltr'>panis</span> <span class='ocrx_word' id='word_1_77' title='bbox 345 1549 499 1622; x_wconf 87' lang='lat' dir='ltr'>fumusque</span> <span class='ocrx_word' id='word_1_78' title='bbox 515 1548 616 1604; x_wconf 74' lang='lat' dir='ltr'>domii</span> <span class='ocrx_word' id='word_1_79' title='bbox 658 1548 839 1606; x_wconf 85' lang='lat' dir='ltr'>Densissima</span> <span class='ocrx_word' id='word_1_80' title='bbox 852 1555 970 1604; x_wconf 86' lang='lat' dir='ltr'>centum</span> 
     </span>
     <span class='ocr_line' id='line_1_14' title="bbox 194 1645 943 1722; baseline -0.009 -15"><span class='ocrx_word' id='word_1_81' title='bbox 194 1651 378 1722; x_wconf 81' lang='lat' dir='ltr'>Quadrantes</span> <span class='ocrx_word' id='word_1_82' title='bbox 391 1647 495 1704; x_wconf 83' lang='lat' dir='ltr'>lectica</span> <span class='ocrx_word' id='word_1_83' title='bbox 509 1645 592 1720; x_wconf 91' lang='lat' dir='ltr'>petit,</span> <span class='ocrx_word' id='word_1_84' title='bbox 606 1645 791 1718; x_wconf 79' lang='lat' dir='ltr'>sequiturque</span> <span class='ocrx_word' id='word_1_85' title='bbox 804 1645 943 1702; x_wconf 88' lang='lat' dir='ltr'>maritum</span> 
     </span>
     <span class='ocr_line' id='line_1_15' title="bbox 194 1741 949 1822; baseline -0.007 -19"><span class='ocrx_word' id='word_1_86' title='bbox 194 1746 346 1822; x_wconf 81' lang='lat' dir='ltr'>Languida</span> <span class='ocrx_word' id='word_1_87' title='bbox 359 1744 406 1801; x_wconf 90' lang='lat' dir='ltr'>vel</span> <span class='ocrx_word' id='word_1_88' title='bbox 419 1759 571 1818; x_wconf 72' lang='lat' dir='ltr'>praegnans</span> <span class='ocrx_word' id='word_1_89' title='bbox 586 1749 615 1798; x_wconf 90' lang='lat' dir='ltr'>et</span> <span class='ocrx_word' id='word_1_90' title='bbox 629 1741 853 1800; x_wconf 80' lang='lat' dir='ltr'>circumducitur</span> <span class='ocrx_word' id='word_1_91' title='bbox 866 1759 949 1798; x_wconf 85' lang='lat' dir='ltr'>uxor.</span> 
     </span>
     <span class='ocr_line' id='line_1_16' title="bbox 194 1828 855 1918; baseline -0.005 -19"><span class='ocrx_word' id='word_1_92' title='bbox 194 1843 253 1900; x_wconf 90' lang='lat' dir='ltr'>Hic</span> <span class='ocrx_word' id='word_1_93' title='bbox 266 1843 339 1918; x_wconf 87' lang='lat' dir='ltr'>petit</span> <span class='ocrx_word' id='word_1_94' title='bbox 353 1841 474 1910; x_wconf 82' lang='lat' dir='ltr'>absenti,</span> <span class='ocrx_word' id='word_1_95' title='bbox 490 1846 561 1896; x_wconf 86' lang='lat' dir='ltr'>nota</span> <span class='ocrx_word' id='word_1_96' title='bbox 572 1838 636 1913; x_wconf 87' lang='lat' dir='ltr'>jam</span> <span class='ocrx_word' id='word_1_97' title='bbox 651 1828 771 1917; x_wconf 82' lang='lat' dir='ltr'>callidus</span> <span class='ocrx_word' id='word_1_98' title='bbox 784 1843 855 1912; x_wconf 80' lang='lat' dir='ltr'>arte,</span> 
     </span>
     <span class='ocr_line' id='line_1_17' title="bbox 195 1935 1007 2012; baseline -0.007 -14"><span class='ocrx_word' id='word_1_99' title='bbox 195 1937 356 2006; x_wconf 82' lang='lat' dir='ltr'>Ostendens</span> <span class='ocrx_word' id='word_1_100' title='bbox 370 1953 493 2006; x_wconf 81' lang='lat' dir='ltr'>vacuam</span> <span class='ocrx_word' id='word_1_101' title='bbox 507 1943 537 1992; x_wconf 86' lang='lat' dir='ltr'>et</span> <span class='ocrx_word' id='word_1_102' title='bbox 550 1935 680 1994; x_wconf 84' lang='lat' dir='ltr'>clausam</span> <span class='ocrx_word' id='word_1_103' title='bbox 694 1949 747 2011; x_wconf 89' lang='lat' dir='ltr'>pro</span> <span class='ocrx_word' id='word_1_104' title='bbox 761 1935 884 2012; x_wconf 86' lang='lat' dir='ltr'>conjuge</span> <span class='ocrx_word' id='word_1_105' title='bbox 897 1935 1007 1994; x_wconf 85' lang='lat' dir='ltr'>sellam.</span> 
     </span>
     <span class='ocr_line' id='line_1_18' title="bbox 195 2033 1150 2107; baseline -0.004 -13"><span class='ocrx_word' id='word_1_106' title='bbox 195 2041 215 2072; x_wconf 89' lang='lat'><strong>“</strong></span> <span class='ocrx_word' id='word_1_107' title='bbox 224 2036 314 2094; x_wconf 83' lang='lat' dir='ltr'>Galla</span> <span class='ocrx_word' id='word_1_108' title='bbox 326 2051 392 2092; x_wconf 88' lang='lat' dir='ltr'>mea</span> <span class='ocrx_word' id='word_1_109' title='bbox 405 2036 477 2106; x_wconf 88' lang='lat' dir='ltr'>est,&#39;’</span> <span class='ocrx_word' id='word_1_110' title='bbox 492 2033 597 2107; x_wconf 88' lang='lat' dir='ltr'>inquit.</span> <span class='ocrx_word' id='word_1_111' title='bbox 642 2034 765 2093; x_wconf 84' lang='lat' dir='ltr'>“Citius</span> <span class='ocrx_word' id='word_1_112' title='bbox 777 2035 906 2093; x_wconf 87' lang='lat' dir='ltr'>dimitte:</span> <span class='ocrx_word' id='word_1_113' title='bbox 929 2036 1058 2092; x_wconf 83' lang='lat' dir='ltr'>moraris.</span> <span class='ocrx_word' id='word_1_114' title='bbox 1082 2033 1150 2100; x_wconf 72' lang='lat'>‚110</span> 
     </span>
     <span class='ocr_line' id='line_1_19' title="bbox 180 2130 978 2208; baseline -0.004 -19"><span class='ocrx_word' id='word_1_115' title='bbox 180 2133 235 2195; x_wconf 51' lang='lat' dir='ltr'>,Pr</span> <span class='ocrx_word' id='word_1_116' title='bbox 297 2131 415 2205; x_wconf 59' lang='lat' dir='ltr'>,Galla</span> <span class='ocrx_word' id='word_1_117' title='bbox 431 2132 545 2208; x_wconf 88' lang='lat' dir='ltr'>caput.’&#39;</span> <span class='ocrx_word' id='word_1_118' title='bbox 590 2130 687 2190; x_wconf 85' lang='lat' dir='ltr'>“Noli</span> <span class='ocrx_word' id='word_1_119' title='bbox 699 2131 978 2206; x_wconf 23' lang='lat' dir='ltr'>vexare-quiescit?</span> 
     </span>
     <span class='ocr_line' id='line_1_20' title="bbox 166 2130 953 2310; baseline -0.004 -23"><span class='ocrx_word' id='word_1_120' title='bbox 166 2130 300 2310; x_wconf 41' lang='grc' dir='ltr'>,ἐξ</span> <span class='ocrx_word' id='word_1_121' title='bbox 314 2230 375 2288; x_wconf 88' lang='lat' dir='ltr'>dies</span> <span class='ocrx_word' id='word_1_122' title='bbox 387 2229 509 2304; x_wconf 89' lang='lat' dir='ltr'>pulchro</span> <span class='ocrx_word' id='word_1_123' title='bbox 522 2229 714 2304; x_wconf 83' lang='lat' dir='ltr'>distinguitur</span> <span class='ocrx_word' id='word_1_124' title='bbox 726 2229 826 2286; x_wconf 86' lang='lat' dir='ltr'>ordine</span> <span class='ocrx_word' id='word_1_125' title='bbox 838 2247 953 2286; x_wconf 75' lang='lat' dir='ltr'>rerume</span> 
     </span>
     <span class='ocr_line' id='line_1_21' title="bbox 175 2316 977 2432; baseline -0.005 -46"><span class='ocrx_word' id='word_1_126' title='bbox 175 2316 181 2326; x_wconf 65' lang='grc'>’</span> <span class='ocrx_word' id='word_1_127' title='bbox 194 2328 340 2402; x_wconf 83' lang='lat' dir='ltr'>Sportula,</span> <span class='ocrx_word' id='word_1_128' title='bbox 356 2326 460 2384; x_wconf 88' lang='lat' dir='ltr'>deinde</span> <span class='ocrx_word' id='word_1_129' title='bbox 474 2324 579 2396; x_wconf 85' lang='lat' dir='ltr'>forum,</span> <span class='ocrx_word' id='word_1_130' title='bbox 590 2324 977 2432; x_wconf 39' lang='lat' dir='ltr'>jurisquetperitua3Apollo,</span> 
     </span>
     <span class='ocr_line' id='line_1_22' title="bbox 190 2420 905 2497; baseline -0.003 -15"><span class='ocrx_word' id='word_1_131' title='bbox 190 2425 295 2496; x_wconf 89' lang='lat' dir='ltr'>Atque</span> <span class='ocrx_word' id='word_1_132' title='bbox 307 2421 508 2497; x_wconf 85' lang='lat' dir='ltr'>triumphales,</span> <span class='ocrx_word' id='word_1_133' title='bbox 523 2420 601 2478; x_wconf 88' lang='lat' dir='ltr'>inter</span> <span class='ocrx_word' id='word_1_134' title='bbox 614 2440 687 2496; x_wconf 87' lang='lat' dir='ltr'>quas</span> <span class='ocrx_word' id='word_1_135' title='bbox 700 2440 787 2480; x_wconf 86' lang='lat' dir='ltr'>ausus</span> <span class='ocrx_word' id='word_1_136' title='bbox 799 2422 905 2480; x_wconf 84' lang='lat' dir='ltr'>habere</span> 
     </span>
     <span class='ocr_line' id='line_1_23' title="bbox 167 2483 973 2624; baseline -0.001 -47"><span class='ocrx_word' id='word_1_137' title='bbox 167 2498 299 2609; x_wconf 25' lang='lat' dir='ltr'>&amp;Nescio</span> <span class='ocrx_word' id='word_1_138' title='bbox 312 2518 377 2624; x_wconf 55' lang='lat' dir='ltr'>qu&#39;q</span> <span class='ocrx_word' id='word_1_139' title='bbox 392 2484 493 2575; x_wconf 70' lang='grc'><strong>11111100</strong></span> <span class='ocrx_word' id='word_1_140' title='bbox 506 2491 668 2593; x_wconf 56' lang='lat' dir='ltr'>AEgy‘ptius</span> <span class='ocrx_word' id='word_1_141' title='bbox 680 2527 768 2592; x_wconf 87' lang='lat' dir='ltr'>atque</span> <span class='ocrx_word' id='word_1_142' title='bbox 785 2483 973 2576; x_wconf 62' lang='lat' dir='ltr'>Alabitrches</span> 
     </span>
     <span class='ocr_line' id='line_1_24' title="bbox 193 2613 875 2689; baseline 0 -17"><span class='ocrx_word' id='word_1_143' title='bbox 193 2613 354 2672; x_wconf 89' lang='lat' dir='ltr'>Vestibulis</span> <span class='ocrx_word' id='word_1_144' title='bbox 367 2614 476 2670; x_wconf 86' lang='lat' dir='ltr'>abeunt</span> <span class='ocrx_word' id='word_1_145' title='bbox 489 2620 601 2671; x_wconf 87' lang='lat' dir='ltr'>veteres</span> <span class='ocrx_word' id='word_1_146' title='bbox 613 2615 737 2689; x_wconf 84' lang='lat' dir='ltr'>lassique</span> <span class='ocrx_word' id='word_1_147' title='bbox 749 2615 875 2688; x_wconf 89' lang='lat' dir='ltr'>clientes,</span> 
     </span>
     <span class='ocr_line' id='line_1_25' title="bbox 194 2709 989 2786; baseline -0.001 -18"><span class='ocrx_word' id='word_1_148' title='bbox 194 2709 330 2783; x_wconf 86' lang='lat' dir='ltr'>Votaque</span> <span class='ocrx_word' id='word_1_149' title='bbox 344 2709 509 2784; x_wconf 87' lang='lat' dir='ltr'>deponunt:</span> <span class='ocrx_word' id='word_1_150' title='bbox 533 2727 702 2784; x_wconf 87' lang='lat' dir='ltr'>quanquam</span> <span class='ocrx_word' id='word_1_151' title='bbox 718 2711 886 2786; x_wconf 87' lang='lat' dir='ltr'>longissima</span> <span class='ocrx_word' id='word_1_152' title='bbox 899 2729 989 2770; x_wconf 80' lang='lat' dir='ltr'>coenoe</span> 
     </span>
     <span class='ocr_line' id='line_1_26' title="bbox 194 2805 996 2884; baseline -0.002 -18"><span class='ocrx_word' id='word_1_153' title='bbox 194 2807 267 2882; x_wconf 85' lang='lat' dir='ltr'>Spes</span> <span class='ocrx_word' id='word_1_154' title='bbox 280 2805 405 2862; x_wconf 89' lang='lat' dir='ltr'>homini:</span> <span class='ocrx_word' id='word_1_155' title='bbox 428 2806 519 2864; x_wconf 82' lang='lat' dir='ltr'>caulis</span> <span class='ocrx_word' id='word_1_156' title='bbox 533 2807 646 2864; x_wconf 87' lang='lat' dir='ltr'>miseris</span> <span class='ocrx_word' id='word_1_157' title='bbox 661 2815 749 2880; x_wconf 87' lang='lat' dir='ltr'>atquc</span> <span class='ocrx_word' id='word_1_158' title='bbox 761 2807 838 2884; x_wconf 83' lang='lat' dir='ltr'>ignis</span> <span class='ocrx_word' id='word_1_159' title='bbox 850 2808 996 2865; x_wconf 87' lang='lat' dir='ltr'>emendus.</span> 
     </span>
     <span class='ocr_line' id='line_1_27' title="bbox 196 2901 1081 2980; baseline -0.002 -17"><span class='ocrx_word' id='word_1_160' title='bbox 196 2903 317 2978; x_wconf 89' lang='lat' dir='ltr'>Optima</span> <span class='ocrx_word' id='word_1_161' title='bbox 330 2901 470 2960; x_wconf 84' lang='lat' dir='ltr'>silvarum</span> <span class='ocrx_word' id='word_1_162' title='bbox 484 2904 596 2962; x_wconf 83' lang='lat' dir='ltr'>interea</span> <span class='ocrx_word' id='word_1_163' title='bbox 609 2905 762 2980; x_wconf 80' lang='lat' dir='ltr'>pelagique</span> <span class='ocrx_word' id='word_1_164' title='bbox 774 2905 891 2964; x_wconf 79' lang='lat' dir='ltr'>vorabit</span> <span class='ocrx_word' id='word_1_165' title='bbox 957 2905 959 2912; x_wconf 86' lang='grc'><strong>’</strong></span> <span class='ocrx_word' id='word_1_166' title='bbox 975 2901 990 2910; x_wconf 82' lang='grc'>”</span> <span class='ocrx_word' id='word_1_167' title='bbox 1017 2909 1020 2920; x_wconf 86' lang='grc'><strong>’</strong></span> <span class='ocrx_word' id='word_1_168' title='bbox 1071 2953 1081 2969; x_wconf 82' lang='grc'><strong>.</strong></span> 
     </span>
     <span class='ocr_line' id='line_1_28' title="bbox 193 2999 1150 3077; baseline 0.002 -21"><span class='ocrx_word' id='word_1_169' title='bbox 193 3001 261 3056; x_wconf 83' lang='lat' dir='ltr'>Rex</span> <span class='ocrx_word' id='word_1_170' title='bbox 273 3000 387 3072; x_wconf 90' lang='lat' dir='ltr'>horum,</span> <span class='ocrx_word' id='word_1_171' title='bbox 402 2999 557 3074; x_wconf 80' lang='lat' dir='ltr'>vacuisque</span> <span class='ocrx_word' id='word_1_172' title='bbox 571 3001 644 3060; x_wconf 90' lang='lat' dir='ltr'>toris</span> <span class='ocrx_word' id='word_1_173' title='bbox 657 3009 772 3060; x_wconf 87' lang='lat' dir='ltr'>tantum</span> <span class='ocrx_word' id='word_1_174' title='bbox 784 3003 848 3077; x_wconf 85' lang='lat' dir='ltr'>ipse</span> <span class='ocrx_word' id='word_1_175' title='bbox 856 2999 976 3074; x_wconf 81' lang='lat' dir='ltr'>jacebit.</span> <span class='ocrx_word' id='word_1_176' title='bbox 1093 3001 1150 3058; x_wconf 79' lang='lat'>120</span> 
     </span>
     <span class='ocr_line' id='line_1_29' title="bbox 194 3095 895 3172; baseline 0.003 -18"><span class='ocrx_word' id='word_1_177' title='bbox 194 3095 271 3154; x_wconf 87' lang='lat' dir='ltr'>Nam</span> <span class='ocrx_word' id='word_1_178' title='bbox 283 3096 322 3153; x_wconf 92' lang='lat' dir='ltr'>de</span> <span class='ocrx_word' id='word_1_179' title='bbox 335 3105 382 3154; x_wconf 87' lang='lat' dir='ltr'>tot</span> <span class='ocrx_word' id='word_1_180' title='bbox 394 3097 523 3172; x_wconf 88' lang='lat' dir='ltr'>pulchris</span> <span class='ocrx_word' id='word_1_181' title='bbox 538 3105 568 3155; x_wconf 90' lang='lat' dir='ltr'>et</span> <span class='ocrx_word' id='word_1_182' title='bbox 580 3099 648 3158; x_wconf 84' lang='lat' dir='ltr'>latis</span> <span class='ocrx_word' id='word_1_183' title='bbox 661 3097 776 3157; x_wconf 86' lang='lat' dir='ltr'>orbibus</span> <span class='ocrx_word' id='word_1_184' title='bbox 790 3107 819 3156; x_wconf 90' lang='lat' dir='ltr'>et</span> <span class='ocrx_word' id='word_1_185' title='bbox 832 3107 895 3156; x_wconf 87' lang='lat' dir='ltr'>tam</span> 
     </span>
     <span class='ocr_line' id='line_1_30' title="bbox 194 3177 885 3270; baseline 0.006 -22"><span class='ocrx_word' id='word_1_186' title='bbox 194 3192 334 3266; x_wconf 87' lang='lat' dir='ltr'>Antiquis</span> <span class='ocrx_word' id='word_1_187' title='bbox 348 3211 407 3250; x_wconf 88' lang='lat' dir='ltr'>una</span> <span class='ocrx_word' id='word_1_188' title='bbox 421 3177 575 3253; x_wconf 74' lang='lat' dir='ltr'>comedunt</span> <span class='ocrx_word' id='word_1_189' title='bbox 585 3189 766 3270; x_wconf 61' lang='lat' dir='ltr'>&#39;patrimonia</span> <span class='ocrx_word' id='word_1_190' title='bbox 778 3213 885 3252; x_wconf 84' lang='lat' dir='ltr'>mensa.</span> 
     </span>
     <span class='ocr_line' id='line_1_31' title="bbox 194 3287 943 3365; baseline 0.008 -21"><span class='ocrx_word' id='word_1_191' title='bbox 194 3287 302 3344; x_wconf 91' lang='lat' dir='ltr'>Nullus</span> <span class='ocrx_word' id='word_1_192' title='bbox 311 3287 376 3361; x_wconf 87' lang='lat' dir='ltr'>jam</span> <span class='ocrx_word' id='word_1_193' title='bbox 390 3292 536 3365; x_wconf 87' lang='lat' dir='ltr'>parasitus</span> <span class='ocrx_word' id='word_1_194' title='bbox 549 3292 622 3348; x_wconf 86' lang='lat' dir='ltr'>erit:</span> <span class='ocrx_word' id='word_1_195' title='bbox 645 3293 696 3348; x_wconf 85' lang='lat' dir='ltr'>sed</span> <span class='ocrx_word' id='word_1_196' title='bbox 710 3293 775 3365; x_wconf 90' lang='lat' dir='ltr'>quis</span> <span class='ocrx_word' id='word_1_197' title='bbox 788 3289 860 3352; x_wconf 81' lang='lat' dir='ltr'>feret</span> <span class='ocrx_word' id='word_1_198' title='bbox 872 3292 943 3350; x_wconf 81' lang='grc'><strong>10100</strong></span> 
     </span>
     <span class='ocr_line' id='line_1_32' title="bbox 195 3385 1011 3464; baseline 0.011 -25"><span class='ocrx_word' id='word_1_199' title='bbox 195 3385 334 3442; x_wconf 76' lang='lat' dir='ltr'>Luxuria</span> <span class='ocrx_word' id='word_1_200' title='bbox 347 3386 465 3445; x_wconf 81' lang='grc'><strong>00111001</strong></span> <span class='ocrx_word' id='word_1_201' title='bbox 508 3389 627 3460; x_wconf 80' lang='lat' dir='ltr'>Quanta</span> <span class='ocrx_word' id='word_1_202' title='bbox 640 3398 684 3446; x_wconf 86' lang='lat' dir='ltr'>est</span> <span class='ocrx_word' id='word_1_203' title='bbox 694 3389 772 3464; x_wconf 84' lang='lat' dir='ltr'>gula,</span> <span class='ocrx_word' id='word_1_204' title='bbox 787 3406 853 3462; x_wconf 83' lang='lat' dir='ltr'>quae</span> <span class='ocrx_word' id='word_1_205' title='bbox 866 3388 921 3447; x_wconf 87' lang='lat' dir='ltr'>sibi</span> <span class='ocrx_word' id='word_1_206' title='bbox 934 3395 1011 3448; x_wconf 80' lang='grc'><strong>10100</strong></span> 
     </span>
     <span class='ocr_line' id='line_1_33' title="bbox 193 3481 925 3561; baseline 0.007 -24"><span class='ocrx_word' id='word_1_207' title='bbox 193 3481 284 3539; x_wconf 91' lang='lat' dir='ltr'>Ponit</span> <span class='ocrx_word' id='word_1_208' title='bbox 297 3499 391 3558; x_wconf 86' lang='lat' dir='ltr'>apros,</span> <span class='ocrx_word' id='word_1_209' title='bbox 406 3484 516 3542; x_wconf 86' lang='lat' dir='ltr'>animal</span> <span class='ocrx_word' id='word_1_210' title='bbox 528 3493 647 3561; x_wconf 86' lang='lat' dir='ltr'>propter</span> <span class='ocrx_word' id='word_1_211' title='bbox 659 3485 794 3548; x_wconf 85' lang='lat' dir='ltr'>convivia</span> <span class='ocrx_word' id='word_1_212' title='bbox 806 3485 925 3542; x_wconf 85' lang='grc'><strong>00111101</strong></span> 
     </span>
     <span class='ocr_line' id='line_1_34' title="bbox 110 3579 969 3659; baseline 0.007 -27"><span class='ocrx_word' id='word_1_213' title='bbox 110 3608 119 3625; x_wconf 89' lang='lat'><em>·</em></span> <span class='ocrx_word' id='word_1_214' title='bbox 195 3579 290 3636; x_wconf 88' lang='lat' dir='ltr'>Poena</span> <span class='ocrx_word' id='word_1_215' title='bbox 302 3587 400 3637; x_wconf 88' lang='lat' dir='ltr'>tamen</span> <span class='ocrx_word' id='word_1_216' title='bbox 412 3597 544 3655; x_wconf 84' lang='lat' dir='ltr'>praeseus,</span> <span class='ocrx_word' id='word_1_217' title='bbox 560 3599 651 3655; x_wconf 89' lang='lat' dir='ltr'>quum</span> <span class='ocrx_word' id='word_1_218' title='bbox 663 3590 698 3641; x_wconf 92' lang='lat' dir='ltr'>tu</span> <span class='ocrx_word' id='word_1_219' title='bbox 710 3583 830 3659; x_wconf 89' lang='lat' dir='ltr'>deponis</span> <span class='ocrx_word' id='word_1_220' title='bbox 844 3581 969 3640; x_wconf 85' lang='lat' dir='ltr'>amictus</span> 
     </span>
     <span class='ocr_line' id='line_1_35' title="bbox 195 3673 958 3754; baseline 0.004 -25"><span class='ocrx_word' id='word_1_221' title='bbox 195 3673 350 3750; x_wconf 85' lang='lat' dir='ltr'>Turgidus,</span> <span class='ocrx_word' id='word_1_222' title='bbox 361 3683 392 3734; x_wconf 90' lang='lat' dir='ltr'>et</span> <span class='ocrx_word' id='word_1_223' title='bbox 404 3678 525 3734; x_wconf 90' lang='lat' dir='ltr'>crudum</span> <span class='ocrx_word' id='word_1_224' title='bbox 538 3696 680 3752; x_wconf 84' lang='lat' dir='ltr'>pavonem</span> <span class='ocrx_word' id='word_1_225' title='bbox 693 3680 723 3736; x_wconf 89' lang='lat' dir='ltr'>in</span> <span class='ocrx_word' id='word_1_226' title='bbox 737 3681 841 3738; x_wconf 68' lang='lat' dir='ltr'>balnea</span> <span class='ocrx_word' id='word_1_227' title='bbox 852 3685 958 3754; x_wconf 87' lang='lat' dir='ltr'>portas.</span> 
     </span>
     <span class='ocr_line' id='line_1_36' title="bbox 197 3769 916 3848; baseline 0.006 -18"><span class='ocrx_word' id='word_1_228' title='bbox 197 3769 276 3830; x_wconf 89' lang='lat' dir='ltr'>Hinc</span> <span class='ocrx_word' id='word_1_229' title='bbox 288 3772 392 3829; x_wconf 87' lang='lat' dir='ltr'>subitae</span> <span class='ocrx_word' id='word_1_230' title='bbox 405 3779 513 3830; x_wconf 88' lang='lat' dir='ltr'>mortes</span> <span class='ocrx_word' id='word_1_231' title='bbox 527 3781 614 3848; x_wconf 87' lang='lat' dir='ltr'>atque</span> <span class='ocrx_word' id='word_1_232' title='bbox 627 3775 765 3834; x_wconf 84' lang='lat' dir='ltr'>intestata</span> <span class='ocrx_word' id='word_1_233' title='bbox 778 3785 916 3834; x_wconf 82' lang='lat' dir='ltr'>senectus</span> 
     </span>
    </p>
   </div>
   <div class='ocr_carea' id='block_1_3' title="bbox 0 0 1339 4348">
    <p class='ocr_par' dir='ltr' id='par_1_3' title="bbox 0 0 1339 4348">
     <span class='ocr_line' id='line_1_37' title="bbox 0 0 1339 4348; baseline 0 0"><span class='ocrx_word' id='word_1_234' title='bbox 0 0 1339 4348; x_wconf 95' lang='lat' dir='ltr'> </span> 
     </span>
    </p>
   </div>
  </div>
 </body>
</html>
