2672 4350
465 335 496 376 Ι).
516 334 616 378 tortu·
629 334 807 378 JUVENffls

502 736 660 799 samua
680 740 770 801 xvr.
823 715 824 718 ‘
948 725 953 731 '

156 871 234 944 Qms
250 885 403 928 numerare
416 876 505 943 queat
517 868 608 928 felicis
622 872 751 947 praemia,
764 867 862 941 Galle,

155 968 293 1026 Militiae?
334 965 414 1024 Nam
427 966 453 1022 si
466 967 627 1040 subeuntur
640 983 777 1043 prospera
791 973 893 1040 castra,

155 1067 207 1123 Ma
221 1063 361 1141 pavidum
375 1063 502 1140 excipiat
514 1063 640 1122 tironem
653 1072 740 1140 porta
753 1065 877 1122 secundo

156 1164 263 1223 Sidere.
307 1163 380 1220 Plus
394 1161 502 1220 etenim
515 1158 571 1220 fati
585 1162 666 1220 valet
679 1157 752 1220 hora'
765 1154 891 1237 benigni,

156 1261 255 1333 Quam
268 1260 295 1318 si
308 1276 361 1320 nos
374 1258 499 1317 Veneris
512 1259 694 1317 commendet
707 1258 830 1334 epistola
842 1257 934 1316 Marti

156 1357 198 1416 Et
212 1357 313 1417 Samia
326 1355 452 1433 genitrix
465 1373 530 1430 qua
544 1356 704 1413 delectatur
718 1373 815 1413 arena

198 1454 360 1516 Commoda
373 1461 530 1513 tractemus
544 1453 673 1528 primum
687 1452 867 1510 communia:
890 1469 1014 1526 quorum

128 1597 130 1604 ,
157 1552 248 1612 Haud
261 1552 415 1610 minimum
428 1551 502 1608 illud
516 1551 580 1622 erit,
594 1567 632 1608 ne
644 1557 677 1620 te
687 1549 804 1625 pulsare
816 1556 933 1624 togatus

157 1650 294 1716 Audeat3
315 1647 473 1707 immoetai
486 1647 628 1722 pulsetur,
641 1647 810 1718 dissimulet,
826 1663 880 1704 nec

157 1747 277 1804 Audeat
290 1761 423 1812 excussos
432 1743 555 1819 'praetori
564 1741 716 1802 ostendere
730 1739 850 1816 dentes,
899 1783 902 1788 ι
1077 1743 1116 1805 1o

157 1843 199 1900 Et
211 1843 324 1918 nigram
338 1842 370 1899 in
383 1839 457 1900 facie
470 1841 592 1899 tumidis
604 1839 745 1900 livoribus
758 1841 855 1915 offam,

157 1939 258 2012 Atque
271 1939 398 2010 oculum,
413 1938 526 1996 medico
539 1939 584 1996 nil
596 1939 794 2014 promittente,
804 1940 947 1998 relictum.

157 2037 317 2094 Bardaicus
326 2034 419 2110 judex
432 2037 519 2094 datur
531 2037 595 2094 haec
608 2037 712 2112 punire
725 2035 844 2110 volenti,

159 2132 281 2194 Calceus
295 2141 325 2191 et
338 2134 461 2210 grandes
473 2136 582 2211 magna
594 2135 633 2194 ad
646 2135 782 2194 subsellia
796 2154 879 2208 surae,

157 2232 286 2308 Legibus
298 2208 427 2306 antiquie
441 2240 602 2291 castrorum
616 2229 740 2291 et'more
754 2233 873 2292 Camilli

159 2331 290 2404 servato,
305 2331 386 2388 miles
399 2348 437 2388 ne
450 2331 561 2389 vallum
575 2330 670 2406 litiget
684 2337 775 2388 extra
798 2343 801 2348 '

159 2430 200 2486 Et
214 2429 315 2504 procul
329 2445 348 2484 a
361 2427 462 2503 signis.
503 2426 672 2506 Justissima
687 2420 900 2486 centurionum

161 2525 298 2600 Cognitio
311 2533 354 2582 eet
366 2525 456 2599 igitur
469 2522 505 2580 de
517 2523 627 2590 milite;
649 2541 703 2580 nee
716 2523 789 2580 mihi
803 2514 894 2581 deerit

160 2623 253 2694 Ultio,
269 2622 295 2678 si
303 2620 394 2694 justae¹
405 2618 533 2698 defertur
546 2637 634 2678 eausa
646 2621 779 2694 querelae.

161 2721 240 2776 Tota
253 2719 356 2776 cohors
369 2724 466 2774 tamen
480 2723 524 2774 est
537 2715 667 2789 inimica,
684 2735 840 2793 omnesque
853 2705 977 2796 manipli
1079 2719 1117 2778 20

161 2815 311 2874 Consensn
323 2831 431 2889 magno
445 2813 590 2886 efficiunt,¹
598 2814 733 2884 curabilis
746 2823 781 2873 ut
794 2801 833 2874 si‘t

161 2912 302 2972 Vindicta
314 2919 344 2969 et
357 2910 472 2988 gravior
485 2929 576 2984 quam
588 2910 705 2986 injuria.
747 2913 879 2992 Dignum
892 2915 949 2973 erit
962 2933 1029 2992 ergo

162 3008 375 3068 Declamatoris
387 3008 500 3067 mulino
513 3009 599 3067 corde
611 3003 739 3086 Vagelli,
768 3009 769 3016 ’
795 3047 798 3052 -

163 3107 263 3179 Quum
276 3108 334 3166 duo
344 3113 434 3165 ¹crum
446 3107 562 3182 habeas,
578 3106 721 3166 offendere
734 3115 780 3167 tot
794 3111 911 3188 caligas,
925 3117 971 3168 tot

161 3204 260 3262 Millia
273 3205 429 3263 clavorum.
442 3210 445 3214 '
472 3205 547 3278 Quis
556 3211 622 3265 tam
635 3197 736 3282 procul
749 3207 826 3266 absit
838 3209 876 3265 ab
889 3209 960 3265 urbe

163 3302 327 3359 Praetereat
348 3303 413 3376 quis
428 3309 489 3361 tam
503 3300 640 3380 Pylades,
654 3303 761 3362 molem
774 3303 885 3380 aggeris
898 3304 977 3362 ultra
998 3287 1001 3291 ⁴

165 3397 210 3454 Ut
223 3397 341 3455 veniat?
383 3399 525 3460 Lacrima
539 3401 682 3460 siccentur
695 3401 838 3476 protinus,
853 3409 882 3459 et
896 3419 927 3458 se

101 3567 102 3570 Ἴ
164 3495 365 3554 Excusaturos
377 3514 437 3554 uon
450 3496 638 3556 sollicitemus
652 3489 770 3556 amicos.

165 3595 216 3652 Da
228 3600 341 3666 testem,
351 3592 443 3668 judex
456 3613 547 3669 quum
560 3595 682 3663 dixerit3
699 3595 804 3652 audeat
817 3595 875 3670 ille,

166 3690 273 3748 Nescio
288 3691 361 3764 quis,
376 3710 488 3768 pugnos
502 3693 553 3766 qui
566 3692 649 3766 vidit,
664 3693 767 3768 dicere,
777 3694 869 3753 Vidit
1081 3693 1122 3754 30

167 3786 210 3842 Et
222 3787 336 3843 credam
349 3786 469 3862 dignum
481 3788 581 3860 barba,
595 3788 771 3865 dignumque
784 3789 898 3867 capillis
