2702 4354
573 391 691 433 strues
713 392 785 434 xm.
1119 379 1156 436 65

1328 457 1334 486 t

204 521 246 581 Et
258 521 366 597 majore
380 523 482 582 domus
496 524 615 599 gemitu,
629 523 739 598 majore
752 524 883 582 tumultu
1102 525 1159 582 130

204 621 389 696 Planguntur
401 621 523 694 nummi,
538 639 627 694 quam
640 619 750 678 funera
791 621 887 680 Nemo
900 623 1029 679 dolorem

203 717 304 792 Fingit
319 719 349 773 in
362 718 418 774 hoc
431 736 508 789 casu,
524 727 634 776 vestem
648 719 782 777 diducere
796 737 939 776 summam

204 813 375 886 Contentus,
390 833 497 872 vexare
511 817 609 873 oculos
623 818 745 874 humore
758 825 866 874 coacto.

203 912 340 970 Ploratur
352 912 479 970 lacrimis
496 913 604 970 amissa
616 915 741 988 pecunia
754 901 837 972 veris

203 1010 261 1068 Sed
273 1011 298 1066 si
311 1017 417 1068 cuncta
427 1009 613 1088 videssimili
626 1009 690 1068 fora
703 1011 788 1086 plena
801 1013 925 1084 querela,

203 1109 244 1182 Si,
260 1108 354 1166 decies
368 1109 449 1165 lectis
463 1107 577 1166 diversa
590 1115 674 1183 parte
687 1109 812 1181 tabellis,

203 1203 290 1263 vana
303 1205 473 1280 supervacui
488 1205 588 1261 dicunt
602 1204 794 1279 chirographa
807 1205 889 1281 ligni,

202 1302 314 1378 Arguit
327 1303 455 1379 ipsorum
470 1319 544 1376 quos
559 1300 645 1358 litera
657 1319 828 1376 gemmaque
842 1303 974 1379 princeps

164 1451 170 1460 .
202 1400 433 1476 Sardonychum,
448 1397 551 1458 loculis
564 1415 630 1480 quae
644 1398 805 1455 custoditur
818 1398 952 1456 eburnis:
1015 1455 1022 1470 ,
1084 1439 1089 1463 ,

202 1497 285 1570 Ten’,
300 1497 473 1558 Odelieiasl
497 1504 582 1554 extra
595 1495 873 1552 communiaccuscs
891 1459 1001 1579 *s‘ff'ffis
1071 1477 1161 1555 :140'
1201 1555 1204 1562 ,

202 1595 396 1654 Ponendum?
438 1595 546 1667 Qui‘tu
560 1594 676 1670 galline
689 1593 766 1650 filius
780 1593 862 1665 albat,
909 1569 947 1606 'Q
963 1598 970 1626 ‘'
997 1573 1058 1610 Μ
1098 1571 1107 1602 ”

202 1691 265 1750 Nos
279 1693 351 1752 viles
363 1693 437 1768 pulli
451 1691 516 1755 nati
530 1690 692 1768 infelicibus
707 1690 791 1748 ovis?

201 1791 276 1848 Rem
289 1792 397 1866 pateris
409 1789 554 1850 modicam
568 1777 597 1868 ct
611 1789 750 1848 mediocri
763 1788 825 1870 bile·
834 1785 991 1864 ferendam,

202 1887 236 1945 Si
250 1877 347 1946 flectas
360 1887 462 1962 oculos,
471 1885 584 1960 majora
597 1886 635 1944 ad
648 1877 778 1944 crimina.
823 1884 932 1945 Confer

202 1984 389 2044 Conductum
401 1984 551 2055 latronem,
567 1984 701 2040 incendia
714 1981 821 2041 sulfure
835 1991 932 2058 coepta

201 2081 303 2155 Atque
316 2080 392 2152 dolo,
408 2079 517 2155 primos
531 2097 622 2153 quum
631 2079 725 2152 janua
738 2080 848 2154 colligit
861 2081 957 2156 ignes:

201 2176 309 2239 Confer
323 2178 427 2250 ethos,
443 2177 548 2234 veteris
562 2178 613 2250 qui
626 2177 736 2234 tollunt
748 2177 871 2252 grandia
883 2177 984 2253 templi

201 2276 315 2334 Pocula
327 2275 482 2334 adorandae
495 2273 645 2350 robiginis,
659 2281 688 2330 et
702 2267 896 2349 populornm'

134 2384 190 2460 W
201 2373 298 2447 Dona,
308 2373 356 2432 vel
370 2373 492 2446 antiquo
502 2373 615 2448 positas
628 2390 647 2430 a
660 2389 726 2448 rege
741 2387 871 2430 coronas.

201 2471 275 2540 Haec
287 2472 328 2530 ibi
341 2472 366 2529 si
379 2491 438 2529 non
452 2477 530 2543 sunt,
545 2471 642 2528 minor
655 2475 753 2529 exstat
767 2471 932 2546 sacrilegus,
947 2471 998 2544 qui
1102 2472 1161 2532 150

200 2569 297 2628 Radat
310 2569 440 2628 inaurati
453 2567 546 2626 femur
559 2568 695 2626 Herculis
708 2576 738 2625 ot
752 2566 857 2626 faciem
870 2569 964 2644 ipsam

200 2666 348 2741 Neptuni;
370 2667 420 2742 qui
434 2666 610 2725 bracteolam
625 2665 661 2722 de
676 2665 797 2728 Castore
811 2667 906 2724 ducat.

201 2763 253 2821 An
266 2764 387 2838 dubitet,
401 2765 504 2822 solitus
516 2772 612 2822 totum
626 2765 751 2822 conflare
764 2765 949 2822 Tonantemt

177 2860 179 2866 ’
201 2859 307 2920 Confer
321 2871 350 2918 et
361 2851 488 2925 artifices
502 2858 748 2937 mercatoremque
763 2863 874 2934 veneni,
927 2885 936 2900 ·

139 2979 148 2996 ·
200 2959 241 3016 Et
256 2959 454 3018 deducendum
467 2961 546 3018 corio
558 2961 641 3019 bovis
653 2961 684 3018 in
697 2979 787 3033 marc,
802 2979 870 3018 cum
883 2963 942 3034 quo

201 3055 357 3115 Clauditur
370 3057 497 3116 adversis
510 3051 629 3120 innoxia
642 3047 728 3116 simia
740 3058 816 3116 fatis.
938 3118 948 3142 Ἀ

200 3155 274 3213 Haec
288 3161 379 3228 quota
392 3173 460 3231 pars
473 3156 621 3230 scelerum,
636 3175 702 3231 quae
716 3139 811 3215 custos
825 3155 958 3214 Gallicus
970 3155 1049 3214 urbis

200 3253 302 3326 Usque
316 3271 335 3312 a
347 3251 491 3326 Lucifero,
507 3255 598 3314 donec
610 3255 665 3312 lux
678 3253 799 3326 occidet,
815 3253 919 3312 audit?
952 3283 955 3288 ·

200 3350 333 3408 Humani
347 3351 459 3428 generis
474 3369 568 3412 mores
581 3339 636 3409 tssri
651 3370 734 3410 nosse
747 3351 856 3408 volenti
928 3403 931 3417 p
984 3333 990 3341 ’

201 3447 313 3508 Sufficit
326 3452 510 3510 unadomus.
551 3452 815 3511 Paucosoousumc
829 3450 898 3523 dies,
914 3459 944 3509 ct
1099 3451 1158 3510 160

109 3587 116 3603 .
200 3544 304 3604 Dicere
318 3555 347 3606 te
360 3549 507 3620 miserum,
521 3555 679 3623 postquam
691 3547 774 3604 ildnc
786 3549 909 3620 veneris,
924 3548 1009 3606 aude.

200 3641 277 3712 Quis
288 3643 433 3705 tumidum
445 3651 548 3720 guttur
561 3645 684 3702 miratur
698 3645 729 3701 in
742 3641 890 3717 Alpibus?
912 3652 965 3702 aut
977 3643 1044 3718 quis
1080 3649 1088 3664 '

200 3737 237 3794 In
251 3740 353 3797 Meroe
368 3757 467 3798 crasso
478 3739 617 3813 majorem
630 3737 742 3808 infante
756 3740 938 3798 mamillam?

200 3834 318 3894 Caerula
331 3829 397 3909 quis
408 3837 520 3910 stupuit
533 3835 673 3896 Germani
686 3835 809 3903 lumina,
823 3836 930 3892 flavam
