2672 4350
167 361 209 420 34
354 367 359 376 ’
479 376 507 418 n.
524 373 612 417 sunu
637 373 816 418 Juvnurms

167 509 310 585 Insignis?
352 507 472 565 Nouum
486 505 531 580 cuj
536 507 637 565 usdam
650 506 777 564 Atlanta
789 524 937 577 vocamus,

167 606 337 680 AEthiopem
351 622 485 680 cygnum,
501 621 622 678 pravam
637 611 840 676 extortamque
853 602 979 679 puellam
1008 589 1011 602 ’
1035 669 1040 680 ¹

167 704 322 777 Europen3
344 699 465 758 canibus
478 700 569 776 pigris
582 701 733 773 scabicque
747 707 864 757 vetusta

167 801 301 872 Levibus,
313 806 343 855 et
356 799 440 856 siccae
453 797 649 855 lambentibus
663 815 715 854 ora
728 796 862 869 lucernae,

168 897 281 955 Nomen
295 897 350 953 erit
363 895 479 970 pardus3
495 895 586 970 tigris,
601 894 656 967 leo,
671 895 696 952 si
711 895 781 969 quid
795 891 891 953 adhue
904 903 956 968 est,

170 992 257 1064 Quod
269 989 375 1049 fremat
387 993 419 1049 in
433 992 519 1049 terris
532 990 695 1048 violentius.
736 991 817 1068 Ergo
831 991 944 1050 cavebis

170 1091 211 1148 Et
223 1098 343 1161 metues,
357 1097 441 1146 netu
455 1089 495 1147 sio
508 1087 641 1148 Cieticus
655 1096 707 1146 aut
721 1087 904 1148 Camerinus.
969 1131 972 1138 ,

174 1187 267 1244 st-His
280 1204 334 1262 ego
347 1204 435 1260 quem
448 1187 569 1244 mouuil
591 1193 689 1243 tecum
703 1192 747 1243 est
760 1187 833 1244 mihi
846 1203 949 1258 sermo,
960 1183 1077 1244 Rubelli

170 1284 284 1341 Plaute.
325 1284 435 1341 Tumes
449 1284 511 1340 alto
556 1267 689 1396 rusmjpsm
701 1290 865 1372 ptemmetq
880 1291 1020 1360 tanquam
1086 1282 1126 1340 40

170 1381 287 1438 Feceris
299 1381 361 1455 ipse
374 1379 494 1457 aliquid,
510 1284 721 1462 plltfilesqlil
734 1379 838 1437 nobilis
852 1396 935 1451 esses,

171 1480 211 1537 Et
226 1487 254 1536 to
269 1480 430 1555 conciperet
444 1496 509 1552 quae
522 1477 661 1552 sanguine
675 1476 768 1553 fulget
782 1477 850 1548 Iuli,

170 1575 239 1633 Non
253 1594 317 1649 quae
331 1583 452 1633 ventoso
465 1575 609 1632 eonducta
622 1576 677 1632 sub
690 1575 889 1650 aggeretexit.
1023 1651 1027 1659 s

172 1675 259 1732 “Vos
272 1673 422 1744 humiles‚''
439 1673 544 1746 inquit,
563 1671 670 1746 “vulgi
685 1689 753 1747 pars
762 1673 872 1729 ultima
885 1670 985 1745 nostri,

170 1771 301 1841 Quorum
315 1786 401 1825 nemo
414 1775 502 1840 queat
516 1768 642 1842 patriam
656 1777 816 1827 monstrare
829 1770 971 1846 parentis:

162 1866 229 1922 ‚Ast
242 1883 295 1940 ego
310 1863 515 1938 Cecropidesl’'
555 1863 656 1937 Vives,
668 1872 698 1922 et
712 1863 830 1941 originis
844 1865 930 1940 hujus

95 1977 99 1986 '
171 1961 291 2023 Gaudia
304 1961 392 2036 longa
406 1959 498 2018 seras:
522 1968 621 2019 tamen
635 1963 695 2020 ima
709 1963 793 2039 plebe
807 1964 954 2037 Quiritem

157 2058 342 2134 „Facundum
356 2059 501 2126 invenies3
522 2059 596 2116 solet
610 2060 659 2118 hie
672 2059 822 2119 defendere
836 2079 938 2121 causas

135 2130 146 2152 ⁸
170 2155 286 2213 Nobilis
300 2155 430 2223 indocti;
451 2157 548 2213 veniet
562 2157 597 2214 de
611 2157 694 2232 plebe
708 2167 816 2235 togate,

172 2253 230 2324 Qui
240 2251 316 2326 juris
330 2252 421 2310 nodos
435 2260 464 2310 et
478 2254 575 2329 legum
590 2255 747 2330 aenigmata
760 2257 860 2314 solvat.
973 2238 979 2251 ⁸
1088 2258 1129 2314 50

172 2350 230 2405 Hic
244 2350 319 2424 petit
333 2350 506 2424 Euphraten
514 2349 630 2423 juvenis
643 2351 805 2426 domitique
818 2353 926 2410 Batavi

173 2446 314 2504 Custodes
328 2446 450 2518 aquilas,
465 2447 555 2504 armis
567 2447 744 2508 industrius:
767 2458 798 2506 at
812 2457 845 2506 tu

171 2543 224 2599 Nil
237 2543 292 2600 nisi
308 2542 487 2618 Cecropides,
500 2550 659 2618 truncoque
672 2545 836 2604 simillimus
850 2548 977 2620 Humae,

171 2637 263 2694 Nullo
276 2638 382 2714 quippe
395 2639 453 2695 alio
466 2638 558 2698 vincis
571 2640 745 2715 discrimine,
760 2661 850 2717 quam
863 2645 942 2718 quod

166 2733 221 2790 ·Illi
235 2751 430 2792 marmoreum
443 2744 532 2811 eaput
546 2745 600 2808 est,
616 2745 669 2796 tua
682 2739 756 2797 vivit
770 2740 875 2816 imago.

172 2831 229 2888 Die
242 2831 323 2903 mihi,
339 2832 518 2889 Teucrorum
533 2835 635 2909 proleS,
650 2837 789 2894 animalia
801 2847 885 2895 muta

62 2931 66 2937 “
172 2930 247 3001 Quis
260 2937 399 3005 generosa
411 2938 503 3006 putet,
518 2932 577 2990 nisi
589 2930 697 2991 fortia?
710 2953 821 3012 mempo
834 2935 982 2994 volucrem

12 3047 13 3052 ¹
121 3027 222 3084 .Sie
235 3026 389 3084 laudamus
401 3045 517 3102 equum,
531 3028 611 3088 facili
629 3032 676 3089 cui
690 3031 818 3108 plurima
829 3033 954 3110 palma·
1057 3053 1061 3062 ¹

172 3125 279 3182 Fervet
292 3131 322 3182 et
336 3125 463 3183 exsultat
477 3145 567 3184 rauco
580 3129 704 3186 victoria
717 3129 812 3189 Circo.

171 3221 286 3278 Nobilis
299 3222 356 3294 hio,
372 3241 544 3298 quocunque
558 3227 640 3283 venit
653 3228 688 3282 de
701 3228 839 3300 gramine,
855 3224 937 3299 eujus
1090 3229 1128 3286 60

172 3317 263 3376 Olera
277 3315 346 3392 suga
360 3327 429 3376 ante
443 3313 515 3378 ulios
530 3330 559 3379 et
573 3316 686 3398 primus
697 3323 728 3379 in
743 3340 857 3396 aequore
870 3321 982 3397 pulvis:

173 3413 230 3470 Sed
243 3415 345 3471 venale
358 3433 446 3490 pecus
459 3417 614 3493 Coryph'aei
628 3419 781 3494 posteritas
794 3427 824 3475 ct

140 3511 141 3515 ’
172 3509 301 3585 Hirpini,
317 3511 343 3568 si
357 3529 425 3570 rara
433 3510 507 3588 jugo
521 3514 645 3571 victoria
657 3516 739 3572 sedit.

171 3605 224 3662 Nil
237 3607 278 3663 ibi
289 3607 433 3680 mqjorum
447 3618 601 3683 respectus
616 3612 712 3686 gratia
725 3611 807 3669 nulla

172 3703 368 3762 Umbrorum:
390 3706 521 3764 dominos
534 3709 634 3781 pretiis
648 3717 761 3765 mutare
770 3709 911 3783 jubentur

172 3799 303 3874 Exiguis,
318 3802 388 3857 trito
401 3802 512 3857 ducunt
525 3803 651 3875 epicedio
664 3805 739 3863 collo
