2708 4354
595 399 712 441 samus
735 374 771 441 11'.
849 461 854 472 Ι

204 531 324 591 Exemit
336 549 469 609 puerum,
482 528 665 605 stantemque
677 539 766 606 atquc
779 530 838 589 uda
849 531 960 590 labella

203 627 312 688 Infami
325 629 417 705 digito
430 635 460 684 et
472 628 640 686 lustralibus
651 635 721 686 ante
733 627 832 685 metiris

204 726 325 802 Expiet,
341 733 456 784 urentes
467 724 568 783 ocules
580 725 712 782 inhibere
724 725 828 801 perita.

161 831 165 840 '
204 825 289 882 Tunc
301 824 436 881 manibus
450 823 556 897 quatit,
570 830 601 879 et
612 839 694 898 spem
707 839 838 880 macram
850 822 978 898 supplice
990 829 1060 882 voto

204 921 293 979 Nunc
304 920 400 980 Licini
412 920 445 978 in
458 937 585 996 campos,
599 937 678 977 nunc
691 918 790 978 Crassi
801 920 894 977 mittit
905 921 937 977 in
950 919 1033 978 aedes

206 1018 295 1077 Hunc
307 1025 410 1094 optent
421 1035 560 1094 generum
572 1035 626 1074 rex
639 1023 670 1074 et
681 1018 798 1092 regium
820 1017 923 1093 puellm

206 1115 297 1173 Hunc
309 1116 443 1192 rapiant3
464 1115 605 1188 quicquid
617 1115 774 1173 calcaverit
787 1111 845 1186 hie,
859 1133 927 1174 resa
938 1115 1007 1175 fiat!

206 1211 266 1268 Ast
278 1230 331 1289 ege
343 1212 450 1270 nutrici
463 1230 522 1270 uon
536 1212 644 1269 mando
656 1220 743 1280 vota;
763 1219 879 1288 negate,

207 1309 333 1384 Jupiter,
346 1309 409 1367 haec
421 1310 474 1383 illi,
489 1308 623 1383 quamvis
637 1315 667 1364 te
679 1307 779 1365 albata
790 1308 909 1383 rogarit.
1004 1351 1010 1360 .
1123 1310 1163 1368 40

245 1407 346 1466 Poscis
358 1425 441 1482 opem
455 1405 552 1466 nervis
561 1422 722 1480 corpusque
734 1403 819 1460 fidele
831 1412 962 1462 senecta.

207 1503 281 1560 Esto
295 1521 365 1579 age:
388 1505 437 1562 scd
450 1501 572 1580 grandes
585 1501 694 1578 patinae
707 1507 864 1584 tucetaque
876 1519 975 1559 crassa

208 1600 347 1658 Anuuere
359 1600 406 1658 his
418 1593 538 1677 superos
548 1606 666 1659 vetuere
677 1599 842 1672 Jovemque
855 1605 1015 1658 morantur.

247 1699 321 1754 Rem
335 1703 445 1756 struere
458 1705 580 1773 exoptas
592 1713 666 1754 eaesc
678 1697 761 1768 bove,
775 1694 1015 1770 Mercuriumque

207 1793 339 1852 Arcessis
351 1793 441 1852 fibra:
463 1794 503 1851 da
515 1792 663 1851 fcrtrmme
677 1793 812 1864 Penates,

208 1890 258 1948 Da
270 1909 358 1966 pecus
371 1898 400 1948 et
412 1891 547 1967 gregibus
559 1888 667 1947 fetum!
712 1890 789 1962 Quo,
801 1889 1043 1968 pessime,.paetc‚

208 1989 267 2046 Tot
279 1988 334 2046 tibi
348 2005 437 2062 quum
450 1987 483 2044 in
495 1987 627 2044 flammas
635 1984 769 2060 junicum
783 1994 901 2046 omenta
913 1989 1097 2062 liquescant

208 2085 251 2142 Et
265 2093 362 2142 tamen
375 2085 424 2142 hic
437 2084 512 2142 extis
524 2092 554 2142 et
568 2083 667 2159 opime
680 2082 794 2141 vincere
808 2080 884 2142 ferto

209 2180 356 2238 Intendit:
380 2182 478 2240 “Jam
490 2180 592 2240 meseit
606 2197 684 2256 ager,
694 2177 759 2253 jam
773 2180 877 2238 mescit
891 2181 975 2256 evile,

208 2279 279 2336 Jam
292 2278 417 2351 dabitur,
427 2277 500 2352 jam,
509 2277 574 2352 jam
582 2277 611 2335 !”
626 2277 718 2335 denec
731 2278 869 2354 deceptus
881 2285 912 2336 et
923 2297 1026 2354 exspes
1125 2281 1165 2335 ⁵0

208 2374 409 2449 Nequicquam
422 2373 514 2432 funde
527 2374 653 2450 suspiret
665 2392 804 2433 nummus
816 2373 848 2433 in
861 2375 931 2434 imo.

250 2473 283 2532 Si
296 2473 351 2531 tibi
365 2479 491 2530 cratem
504 2471 616 2548 argenti
629 2473 789 2546 incusaque
802 2473 905 2551 pingui

209 2571 295 2628 Aure
306 2555 385 2628 dona
397 2567 498 2642 seram,
512 2568 597 2627 sudes
609 2576 639 2626 et
651 2577 767 2645 pectore
780 2570 854 2627 laeve

210 2667 351 2726 Excutiat
365 2674 464 2744 guttas
477 2654 570 2723 laetari
584 2656 791 2742 praetrepidum
804 2684 862 2726 cor.
945 2740 948 2745 .

210 2765 290 2823 Hinc
302 2762 377 2823 iilud
389 2762 487 2836 subiit,
501 2779 683 2822 auresaures
696 2764 774 2837 quud
787 2772 875 2823 orato

210 2863 346 2920 Perducis
359 2859 465 2918 facies:
486 2877 556 2918 nam
567 2858 671 2920 fiatres
685 2861 762 2919 inter
778 2862 885 2920 ahenos

212 2961 332 3018 Somnia
344 2959 453 3035 pituita
466 2959 516 3033 qui
529 2959 734 3042 purgatissima
745 2960 868 3018 mittunt

210 3057 355 3132 Praecipui
369 3063 465 3128 sunta,
480 3055 574 3130 sitque
587 3056 647 3113 illis
661 3073 751 3114 aurea
763 3056 863 3115 barba.

251 3153 368 3211 Aurum
382 3171 452 3210 vasa
464 3152 571 3211 Numae
586 3154 781 3226 Saturniaque
794 3152 911 3228 impulit
925 3171 992 3226 aera,

211 3249 400 3324 Vestalesque
414 3267 503 3307 urnas
517 3257 547 3307 ct
560 3251 691 3308 Tuscum
704 3249 792 3307 fictile
805 3256 908 3308 mutat.
1128 3251 1169 3312 60

213 3345 241 3403 Ο
254 3363 349 3404 curvae
362 3345 394 3403 in
408 3354 500 3404 terras
512 3347 616 3404 animae
629 3353 660 3402 et
673 3345 834 3403 coelestium
846 3346 966 3406 inanes?

213 3441 292 3513 Quid
300 3441 388 3516 juvat
400 3443 465 3516 hcc,
479 3442 596 3517 templis
608 3449 721 3500 nostros
733 3441 891 3501 immittere
903 3463 1004 3518 mores,

212 3538 254 3596 Et
266 3541 343 3597 bona
355 3539 411 3598 Dis
425 3557 463 3596 ex
476 3539 532 3597 hac
545 3537 685 3596 scelerata
698 3538 806 3597 ducera
819 3541 929 3617 pulpa?

212 3637 288 3695 Haec
300 3637 357 3695 sibi
371 3643 507 3712 corrupte
520 3635 629 3694 casiam
642 3636 773 3695 dissolvit
786 3637 872 3710 olivo,

212 3734 287 3791 Haec
301 3731 461 3793 Calabrum
475 3732 555 3790 coxit
567 3731 671 3790 vitiato
685 3734 794 3790 murice
807 3734 909 3805 vellus,

213 3830 287 3888 Haec
300 3830 419 3888 bacam
433 3828 549 3886 conchae
562 3827 671 3900 rasisse,
685 3836 716 3885 et
727 3829 869 3903 stringere
882 3847 985 3896 venas,
