2702 4354
444 791 878 853 1111111111111111

377 949 953 1043 SATIRARUM
1048 1019 1053 1030 .

493 1147 621 1203 11111
641 1147 835 1218 1111111.

529 1468 688 1530 SATIRA
707 1468 799 1527 XIII.

171 1578 632 1680 Ι’1111111110(11111111111111111
646 1598 847 1671 committitur,
862 1597 918 1674 ipsi

182 1699 327 1775 Displieet
340 1698 461 1756 auctori.
502 1697 608 1754 Pnima
620 1703 665 1754 est
678 1696 740 1754 haee
753 1696 838 1769 ultio,
850 1693 928 1769 quod
941 1711 973 1752 se
999 1769 1008 1788 ο

181 1799 204 1856 J
204 1798 286 1854 udiee
299 1814 384 1854 neme
396 1812 502 1853 nocens
516 1795 684 1866 absolvitur,
699 1795 833 1869 improba
845 1793 978 1868 quamvis

183 1893 291 1954 Gratia
304 1891 401 1952 fallaci
414 1893 553 1950 Praetoris
566 1893 668 1950 vicerit
680 1911 763 1950 urna.

182 1990 264 2064 Quid
277 1991 383 2048 sentire
396 1997 483 2065 putas
496 2006 605 2060 omnes,
620 1988 752 2060 Calvina,
767 1989 876 2046 recenti

182 2089 231 2146 De
244 2087 351 2146 scelere
364 2093 394 2144 et
406 2086 473 2143 fidei
486 2085 605 2143 violata
620 2085 760 2142 erimine?
802 2085 860 2144 Sed
873 2103 926 2143 nee

182 2187 258 2244 Tam
272 2184 368 2244 tenuis
382 2201 484 2242 eensus
497 2183 553 2241 tibi
566 2182 698 2258 eontigit,
714 2189 748 2239 ut
762 2181 913 2239 mediocris

182 2285 312 2342 Jaoturae
325 2290 354 2340 te
367 2289 479 2359 mergat
492 2299 582 2349 onus3
604 2298 659 2338 nec
671 2298 739 2338 rara
752 2279 892 2352 videmus,

185 2383 259 2453 Quae
272 2383 385 2456 pateris
428 2380 523 2440 Casus
537 2379 639 2438 multis
653 2378 702 2436 hie
715 2378 857 2454 cognitus,
872 2395 907 2435 ae
914 2375 982 2451 jam

183 2479 293 2551 Tritus,
308 2485 338 2535 et
351 2496 367 2535 e
380 2477 474 2536 medio
488 2477 613 2536 fortunae
626 2478 730 2538 (1111111
745 2493 857 2534 acervo.
1103 2473 1141 2535 10

96 2604 99 2608 ·
183 2578 332 2632 Ponamus
344 2576 450 2632 nimios
464 2575 605 2652 gemitus:
627 2569 798 2652 flagrantior
811 2591 895 2648 aequo

183 2671 253 2730 Non
267 2671 351 2729 debet
364 2672 447 2729 dolor
461 2690 521 2730 esse
535 2672 603 2744 viri,
618 2689 673 2730 nec
685 2673 804 2730 vulnere
817 2671 919 2746 major.

184 2770 232 2826 Tu
245 2770 379 2842 quamvis
391 2768 502 2827 levium
515 2769 668 2828 minimam
681 2771 875 2846 exiguamque
888 2769 1034 2828 malorum

183 2867 364 2924 Particulam
377 2867 429 2923 vix
441 2865 515 2923 ferre
528 2874 620 2942 potes,
637 2868 838 2943 spumantibus
852 2869 955 2925 ardens

183 2963 362 3035 Viseeribus,
376 2980 492 3022 eaerum
505 2963 567 3038 tibi,
576 2965 655 3038 quod
668 2983 727 3022 non
740 2965 843 3022 reddat
856 2965 968 3022 amicus

184 3059 381 3136 Depositumt
402 3065 501 3136 stupet
513 3060 585 3132 haee,
601 3062 652 3135 qui
661 3059 726 3134 jam
740 3065 805 3136 ¹post
818 3068 901 3136 terga
913 3060 1032 3136 reliquit

186 3158 346 3233 Sexaginta
359 3174 459 3231 annos,
475 3158 601 3216 Fonteio
615 3157 740 3218 Consule
753 3161 860 3217 natust
1075 3157 1077 3160 ’

80 3259 83 3266 ’
185 3255 238 3311 Α1
254 3239 329 3312 nihil
341 3253 373 3311 in
386 3254 490 3314 melius
503 3261 550 3313 tot
562 3273 660 3324 rerum
673 3257 789 3334 proficis
803 3259 878 3316 usu?
887 3246 935 3322 'ff
944 3253 1038 3308 ΨΜ

185 3352 297 3428 Magna
309 3352 434 3426 quidem,
450 3354 540 3412 saeris
553 3371 618 3428 quae
632 3355 684 3413 dat
698 3363 844 3432 praecepta
856 3355 970 3432 libellis,

185 3449 303 3507 Victrix
315 3448 441 3508 fortunae
453 3452 611 3528 sapientia:
634 3454 767 3520 ducimus
780 3463 878 3514 autem
1104 3456 1140 3520 20

187 3545 251 3602 Hes
265 3564 380 3622 quoque
392 3546 498 3620 ieliees,
514 3549 566 3624 qui
582 3548 656 3607 ferre
670 3553 853 3611 incommoda
866 3554 945 3626 vitae,

186 3642 249 3701 Nee
257 3642 371 3717 jactare
380 3644 495 3720 jugum,
509 3647 572 3705 vita
586 3647 710 3707 didieers
723 3652 871 3726 magistra.

188 3740 262 3812 Quae
275 3749 337 3798 tam
350 3739 425 3800 festa
438 3743 506 3816 dies,
521 3750 555 3800 ut
568 3752 657 3802 eesset
670 3747 790 3820 prodere
803 3744 906 3816 furem,

187 3837 353 3910 Perfidiam,
368 3837 484 3896 fraudes
496 3847 585 3913 atque
599 3841 679 3898 omni
693 3858 731 3898 ex
744 3840 866 3898 erimine
879 3842 994 3898 lucrum
