2654 4348
583 368 699 412 sarum
721 369 793 412 Vlll.

557 771 714 832 SATIRA
735 774 823 832 VIII.

80 828 105 922 s
191 875 383 962 “enimin
397 901 469 977 quid
481 901 512 960 fa
530 902 613 962 'anti
634 903 706 976 quid
720 904 844 980 prodest,
853 902 986 978 Pontice,
1000 903 1089 980 longo

14 1031 18 1038 ·
87 1023 94 1036 ·
215 1000 361 1075 Sanguine
375 919 657 1076 &ldessbilcmsque
671 1000 819 1058 ostendere
832 1001 933 1058 vultus

214 1097 371 1171 Majorum,
383 1103 413 1152 et
426 1104 535 1154 stantes
548 1097 578 1154 in
594 1098 724 1156 omnibus
736 1098 920 1172 AEmilianos

214 1194 255 1252 Et
269 1191 397 1253 Curios
383 1211 447 1266 Jam
462 1192 605 1266 dimidios,
621 1194 814 1269 humerosque
827 1197 967 1254 minorem

215 1290 386 1361 Corvinum,
401 1297 431 1348 ct
445 1289 572 1350 Galbam
587 1291 724 1349 auriculis
732 1310 864 1400 nasoque
877 1293 1043 1389 carentem?

215 1389 288 1464 Quis
301 1387 420 1460 fructus,
434 1387 548 1462 generis
561 1386 684 1448 tabula'
671 1365 784 1461 jactare
797 1390 958 1465 capaci

214 1430 420 1564 [Corvindm
413 1491 479 1560 post
467 1485 537 1542 tbac
551 1485 647 1544 multa
660 1486 826 1562 contingere
839 1485 937 1564 virga]

213 1585 356 1642 Fumoeos
369 1582 499 1657 equitum
513 1601 580 1656 qum
594 1583 736 1642 dictatore
749 1582 913 1660 magistros,

215 1681 248 1740 Si
262 1699 360 1739 coram
373 1680 491 1756 Lepidis
505 1681 581 1740 male
596 1681 728 1738 vivitur?
750 1681 927 1758 effigiesque

214 1780 274 1837 Tot
286 1779 466 1851 bellatorum
481 1779 506 1836 si
519 1779 630 1836 luditur
643 1779 708 1836 alea
719 1796 831 1854 pernox
1134 1776 1174 1836 10

214 1877 296 1934 Ante
309 1875 520 1943 Numantinum
543 1893 567 1932 si
557 1875 726 1932 dormire
718 1877 820 1951 incipis
833 1885 899 1934 ortu

214 1971 351 2060 Luciferi,
366 1991 424 2046 quo
438 1974 522 2051 sigua
535 1972 622 2030 duces
636 1980 666 2028 et
680 1979 775 2074 castpp
788 1974 962 2031 movebunt?

216 2051 279 2130 Cur
285 2069 487 2182 Allobrogicis
501 2076 531 2125 et
544 2087 652 2144 magna
663 2068 787 2144 gaudeat
799 2088 851 2126 ara

214 2140 334 2226 Natus
326 2186 358 2224 ιιι
371 2130 518 2224 Hercdleo
532 2141 642 2224 Fabius
657 2165 742 2235 Lare,
759 2165 784 2222 si
798 2165 966 2239 cupidus,
942 2182 969 2221 er

215 2263 327 2338 Vanus,
339 2269 369 2322 et
381 2264 524 2340 Euganea
537 2262 726 2337 quantumvis
739 2260 856 2319 mollior
868 2279 961 2336 sgna3

216 2361 249 2421 Si
262 2369 393 2419 tenerum
407 2361 527 2418 attritus
542 2358 693 2420 Catinensi
706 2358 820 2433 pumice
833 2357 966 2416 lumbum

201 2459 387 2534 squalontes
400 2458 530 2516 traducit
543 2475 614 2516 avos
628 2464 778 2530 emtorque
791 2455 895 2513 veneni

216 2555 389 2632 Frangenda
402 2555 538 2614 miserum
549 2551 700 2612 funestat'
692 2553 818 2629 imagine
831 2551 966 2665 gentoni

187 2679 190 2684 ¹
216 2615 295 2711 Tdta
306 2654 375 2710 licet
388 2639 499 2711 veteres
512 2629 655 2710 excirent
667 2651 796 2725 undique
809 2633 881 2708 ce'rae

216 2717 314 2823 Atna,
328 2751 464 2808 nobilitas
477 2750 540 2808 sola
553 2757 598 2808 est
611 2757 701 2823 atque
714 2750 801 2806 unica
812 2739 914 2806 virtus
907 2767 962 2831 xp„

216 2847 338 2906 Paullus
350 2847 397 2905 vel
411 2847 518 2906 Cossus
531 2847 579 2906 vel
592 2847 710 2905 Drusus
722 2846 851 2904 moribus
863 2853 942 2913 esto;

217 2945 283 3002 Hos
294 2952 362 3002 ante
374 2944 480 3020 effigies
492 2943 634 3019 majorum
650 2962 726 3019 pone
737 2949 856 3001 tuorum
865 2964 879 3011 3-

217 3041 478 3116 Praecedant1psos
490 3040 535 3098 illi
548 3049 579 3098 te
592 3039 761 3100 Consule'
733 3057 838 3115 virgas
907 3067 933 3115 (ι

217 3137 320 3195 Prima
332 3137 405 3195 mihi
418 3137 503 3194 debes
516 3138 607 3196 animi
597 3137 713 3194 bzona
736 3143 852 3193 sanctus
864 3135 965 3230 baberi

217 3235 239 3293 J
239 3235 403 3310 uetrtiaeque
416 3241 507 3292 tenax
519 3231 604 3292 factis
618 3231 760 3306 dictisque
772 3201 912 3290 mereris?

218 3330 355 3408 Agnosco
368 3347 523 3407 procerem
566 3330 669 3402 Salve,
676 3329 829 3402 Gaetulice,
845 3349 895 3390 seu
908 3337 942 3388 tu

219 3429 344 3506 Silanus,
359 3447 532 3506 quocunque
544 3429 604 3488 alio
617 3427 654 3485 de
667 3428 814 3504 sanguine,
829 3447 914 3487 rarus

220 3525 301 3584 Civis
315 3534 344 3583 et
358 3527 490 3602 egregius
502 3526 604 3602 patriae
617 3525 761 3600 contingis
775 3526 892 3584 ovanti.-

219 3623 396 3682 Exclamare
408 3623 489 3696 libet,
504 3623 628 3700 populus
639 3603 718 3696 quod
732 3622 850 3694 clamat,
862 3621 943 3682 Osiri
1002 3659 1009 3670 ·

220 3719 353 3778 Invento.
396 3719 469 3791 Quis
484 3721 561 3776 enirn
574 3735 744 3794 generosum
758 3717 866 3774 dixerit
878 3718 967 3790 hunc,
981 3715 1034 3788 qui

221 3815 362 3890 ltdignus
374 3833 477 3890 genere
490 3823 522 3873 et
533 3815 673 3890 praeclaro
685 3813 803 3870 nomine
816 3818 934 3867 tautum

670 3909 697 3963 B
707 3911 725 3962 2
