2672 4350
184 353 227 410 92
595 364 717 406 rnasrr

182 498 253 558 Non
266 515 348 556 secus
362 515 397 556 ae
413 497 438 556 si
452 496 537 556 oculo
549 496 696 556 rubricam
709 494 817 570 dirigat
830 512 898 552 uno.

117 636 123 646 ι
184 597 252 656 Sive
266 613 339 671 opus
351 595 383 652 in
393 601 498 667 'mores
512 594 545 652 in
557 594 662 652 luxum
676 599 706 650 et
718 591 840 666 prandia
852 609 952 668 regum

184 696 297 766 Dicere,
313 711 359 750 res
372 691 606 768 grandaeuostro
619 690 670 748 dat
683 689 774 747 Musa
786 693 887 763 poeta.

224 793 302 851 Ecce
314 785 895 864 modoheroassensusafferredocemus
1103 781 1142 844 70

184 888 298 965 Nugari
312 885 411 946 solitos
425 885 539 958 Graece,
554 903 608 944 nec
620 882 839 960 perereilucpm

91 996 94 1002 '
185 986 332 1058 Artifices,
346 1003 400 1042 nec
413 1001 463 1042 rus
476 989 609 1042 saturum
622 982 752 1052 laudare,
768 979 819 1038 ubi
832 979 933 1038 corbes
959 1025 961 1032 ,

185 1084 227 1141 Et
239 1081 321 1141 focus
334 1089 363 1140 et
376 1082 456 1158 porci
469 1089 500 1139 ct
512 1080 629 1140 fumosa
640 1079 750 1138 Palilia
762 1076 857 1145 foeno;
889 1081 891 1086 ’
958 1107 960 1116 ·

185 1181 285 1252 (Unde
298 1183 416 1253 Remus,
432 1179 570 1254 sulcoque
584 1185 678 1236 terens
691 1177 828 1248 dentalia,
843 1175 955 1247 Quinti,

185 1278 287 1350 Quum
300 1277 415 1354 trepida
428 1285 497 1336 anto
511 1278 600 1336 boves
613 1275 784 1334 dictatorem
797 1273 893 1331 induit
906 1290 991 1344 uxor,

185 1373 228 1432 Et
241 1381 294 1432 tua
307 1374 543 1450 aratrasdomum’
552 1372 639 1432 lictor
652 1371 744 1446 tulit).
785 1369 878 1444 Euge,
892 1368 994 1443 poeta!

226 1471 282 1530 Est
295 1488 374 1529 nunc
386 1471 495 1530 Briseis
508 1487 595 1545 quem
608 1485 731 1526 venosus
743 1466 817 1524 liber
830 1465 913 1537 Acci,

187 1567 264 1626 Sunt
277 1584 351 1640 quos
362 1565 568 1640 Pacuviusque
581 1570 611 1622 et
624 1578 778 1620 verrucosa
791 1568 920 1622 moretur

185 1664 328 1740 Antiopa,
344 1667 363 1698 “
371 1663 495 1722 oramate
507 1681 554 1720 eor
567 1659 731 1734 luctificabile
736 1658 847 1732 fulto.”

186 1761 251 1818 Hos
264 1760 363 1834 pueris
376 1758 504 1818 monitus
517 1765 614 1832 patres
628 1752 780 1812 infundere
793 1753 886 1829 lippos
1075 1821 1077 1826 Ι
1104 1752 1143 1812 80

186 1857 287 1929 Quum
299 1845 418 1928 videas,
424 1855 575 1930 quaerisne,
590 1854 669 1913 unde
682 1852 745 1912 haec
757 1859 873 1928 sartago
886 1849 1023 1926 loquendi

185 1953 308 2012 Venerit
319 1953 352 2010 in
364 1953 495 2029 linguas;
515 1951 593 2010 unde
606 1951 686 2010 istud
698 1949 830 2022 dedecus,
845 1949 877 2008 in
890 1967 949 2025 quo

186 2049 342 2108 'Irossulus
357 2050 485 2112 exsultat
497 2049 552 2108 tibi
565 2067 618 2125 per
630 2047 768 2110 subsellia
781 2046 874 2105 levis?

185 2147 275 2207 Nilne
288 2147 377 2225 pudet
391 2147 487 2224 capiti.
495 2165 555 2205 non
568 2163 652 2223 posse
665 2144 796 2221 pericula
809 2161 883 2204 cano

185 2246 306 2319 Pellene,
316 2245 393 2319 ,quin
406 2244 539 2321 tepidum
552 2244 609 2302 hoe
622 2250 705 2319 optes
719 2241 829 2313 audire,
845 2241 985 2300 mandri

227 2345 342 2416 Fures,
358 2344 401 2406 ait
413 2342 513 2404 Pedio.
527 2397 530 2400 .
553 2341 767 2415 Pediusquidt
783 2339 913 2399 ¹erimina
924 2339 997 2399 rasis

186 2441 289 2497 Librat
302 2440 334 2496 in
347 2439 506 2510 antithetis,
518 2437 620 2498 doetus
633 2437 763 2512 posuisse
776 2437 891 2514 figuras

185 2537 352 2596 Laudatur:
374 2535 485 2594 bellum
498 2534 570 2592 hoel
593 2533 790 2598 hoebcllumi

186 2633 264 2690 Men'
279 2632 412 2690 moveat?
433 2630 542 2706 quippe
554 2638 593 2703 et,
610 2636 708 2693 cantet
721 2631 748 2688 si
761 2627 928 2706 naufragus,
944 2649 1036 2692 assem

185 2727 394 2790 Protulerimi,
406 2733 516 2800 cautae,
529 2745 623 2801 quum
636 2723 774 2788 fractate
787 2729 818 2786 in
832 2731 914 2796 trabe
930 2729 1042 2805 pictum
1100 2729 1143 2789 90

186 2827 235 2885 Ex
247 2826 369 2884 humero
382 2825 502 2902 portasi
512 2875 514 2882 .
526 2865 531 2876 ·
543 2826 664 2898 Verum,
680 2843 734 2886 nec
746 2833 831 2886 nocte
843 2833 988 2903 paratum,

186 2923 319 2982 Plorabit
333 2923 384 2997 qui
396 2939 444 2980 me
457 2921 537 2983 volet
550 2922 718 2982 incurvasse
729 2923 856 2997 querela.

228 3019 316 3080 “Sed
329 3019 457 3080 numeris
472 3018 615 3100 decorest
629 3026 659 3076 et
668 3017 809 3094 junctura
822 3021 924 3079 addita
937 3019 1041 3080 crudis

188 3117 331 3178 Claud'ere
344 3117 387 3176 sic
399 3126 518 3184 versum
526 3115 629 3176 'didicit
643 3117 833 3194 Berecyntius
845 3118 933 3194 Atys,

187 3215 229 3272 Et
241 3214 294 3289 qui
307 3213 463 3274 caeruleum
476 3214 632 3274 dirimebat
643 3213 741 3274 Nerea
754 3215 871 3290 delphin
880 3225 893 3284 3'
987 3265 989 3268 ,

188 3312 238 3370 Sic
251 3317 362 3368 costam
374 3312 461 3389 longo
474 3312 665 3372 subduximus
673 3311 843 3394 Apennino.

187 3407 279 3466 Anno
290 3408 388 3482 udam,
401 3427 499 3474 nonne
512 3411 568 3468 hoo
580 3427 749 3485 spumosum
761 3417 791 3467 et
804 3408 911 3467 cortice
924 3407 1035 3485 pingui,

187 3505 232 3563 Ut
244 3505 356 3563 remeia
369 3513 462 3580 vetus,
477 3507 639 3584 praegrandi
649 3489 753 3564 'subere
766 3513 880 3564 coctum
888 3506 920 3564 i”
999 3549 1001 3556 >

188 3601 336 3674 Quidnam
348 3602 440 3679 igitur
452 3610 593 3674 tenerum,
608 3610 638 3660 et
651 3603 720 3660 laxa
734 3603 844 3662 cervice
856 3601 1029 3678 legendum?
1050 3600 1057 3614 '

189 3701 280 3758 Torva
293 3701 474 3760 Mimalloneis
486 3701 629 3775 troporum
642 3719 745 3758 amnuo
758 3700 862 3773 bonde,
1086 3699 1144 3758 100

188 3799 229 3855 Et
242 3805 351 3874 raptum
364 3799 445 3856 vitulo
458 3805 538 3872 capet
551 3797 677 3854 ablatae
689 3797 802 3871 superbo
894 3800 896 3804 '
915 3843 928 3876 ,
980 3815 984 3818 ·
1067 3817 1069 3824 '
