2672 4350
213 405 255 460 62
519 416 549 458 n.
569 415 658 457 tuan
681 415 858 457 Juvmvlms

212 551 383 624 Quasitum,
399 558 429 608 et
442 555 541 624 partos
555 548 652 625 gladio
666 548 713 606 vel
726 549 833 624 pyxide
846 551 1000 606 nummos?

212 649 283 704 Rari
297 648 403 722 quippe
416 645 500 704 boni:
522 663 658 703 numerus
672 646 723 702 vix
737 653 780 701 est
794 646 924 717 totidem,
940 654 1011 718 quot

211 746 377 803 Thebarum
390 751 481 820 porta
494 742 540 799 vel
554 743 653 801 divitis
666 743 740 800 ostia
752 742 826 800 Nili.

210 841 297 898 Nona
311 849 382 898 aetas
395 840 493 916 agitur
506 837 661 915 pejoraque
674 839 771 896 secula
784 837 852 896 ferri

181 989 185 998 .
210 938 411 1014 Temporibus,
429 954 553 1011 quorum
568 937 668 995 sceleri
682 956 739 993 non
753 937 866 995 invenit
879 937 944 1012 ipsa

209 1036 323 1094 Nom'en
338 1045 367 1092 et
382 1054 401 1092 a
413 1035 495 1092 nullo
510 1035 609 1110 posuit
623 1043 731 1092 natura
744 1036 871 1092 metallo.
942 1043 949 1054 ⁸
1126 1036 1165 1092 30

209 1131 272 1191 Nos
285 1133 437 1191 hominum
452 1133 623 1214 Divumque
635 1133 722 1190 fidem
736 1134 861 1190 clamore
874 1133 992 1204 ciemus,

210 1229 328 1302 Quanto
343 1231 500 1288 Faesidium
514 1231 616 1289 laudm
629 1231 740 1289 vocalis
753 1239 885 1306 agentem

210 1328 356 1404 Sportula
382 1329 465 1402 mie,
481 1329 577 1386 senior
589 1329 671 1388 bulla
684 1329 858 1405 dignissime,
872 1330 964 1386 nescis
1057 1342 1060 1348 ’

210 1427 293 1498 Quas
306 1427 412 1484 habeat
422 1427 551 1486 Veneres
564 1428 660 1484 aliena
673 1427 814 1502 pecunia?
835 1427 929 1483 nescis

210 1524 307 1595 Quem
321 1533 374 1583 tua
386 1524 557 1600 simplicitas
570 1525 661 1581 risum
674 1523 761 1599 vulgo
775 1530 899 1594 moveat,
915 1541 1005 1595 quum

210 1621 313 1698 Exigis
328 1621 516 1695 equaquam,
532 1639 569 1677 ne
583 1620 690 1696 pejeret
704 1627 734 1676 et
747 1628 831 1694 putet
844 1619 911 1676 ullis
981 1680 984 1685 ,

210 1699 282 1775 Ilsse
295 1719 413 1792 aliquod
426 1735 535 1774 numen
549 1716 665 1790 templis
680 1729 795 1789 araeque
807 1717 943 1774 rubenti‘l
1005 1751 1008 1758 «

211 1791 365 1886 Quondam
378 1816 439 1872 hoc*
447 1814 588 1888 indigena
601 1813 738 1871 vivebant
751 1831 846 1884 more,
855 1814 1024 1888 priusquam

211 1912 343 1970 Sumeret
357 1918 499 1987 agrestem
514 1912 609 1987 posito
624 1911 785 1968 diademate
798 1907 901 1968 sulcem

211 2010 356 2068 Saturnus
369 2007 490 2086 fugiens,
505 2016 585 2082 tunc,
602 2003 693 2086 quum
706 2009 877 2085 virguncula
889 2009 979 2080 duno,
1126 2009 1165 2065 40

211 2107 254 2164 Et
266 2109 398 2183 privatus
412 2108 508 2166 adhuc
522 2108 607 2165 Idaeis
620 2107 737 2182 Jupiter
751 2106 851 2163 antris.

210 2205 304 2263 Nulla
317 2224 403 2282 super
416 2207 508 2265 nubes
522 2205 657 2263 canaria
670 2204 874 2275 coelicolarum,

210 2302 278 2360 Nec·
287 2321 359 2379 puer
372 2303 490 2375 Iliacus,
507 2301 633 2359 formosa
645 2319 699 2358 nec
712 2300 847 2357 Herculis
861 2317 935 2356 uxor

211 2399 261 2456 Ad
275 2400 406 2476 cyathos,
422 2408 451 2456 et
460 2399 524 2473 jam
539 2399 645 2455 doceto
658 2405 773 2454 nectare
786 2405 899 2470 tergens

210 2498 338 2555 Brachia
347 2497 497 2556 Vulcanus
510 2496 645 2570 Liparaea
657 2494 741 2569 nigra
753 2494 881 2550 taberna

210 2593 378 2652 Prandebat
391 2595 444 2652 sibi
457 2594 579 2666 quisque
592 2581 751 2662 Deus'nec
764 2591 850 2648 turbu
864 2591 996 2654 Deorum

210 2691 301 2763 Talis,
317 2700 351 2749 ut
364 2699 408 2749 est
421 2690 515 2763 hodie,
530 2688 829 2761 contentaquesidera
842 2689 943 2764 paucis

210 2788 388 2848 Numinibus
402 2789 539 2845 miserum
554 2787 695 2862 urgebant
710 2785 836 2843 Atlanta
849 2785 955 2843 minori

210 2887 351 2945 Pondere.
392 2885 530 2944 Nondum
545 2884 651 2958 aliquis
665 2883 785 2940 sortitus
799 2884 880 2940 triste
893 2880 1027 2958 profundi

211 2985 381 3062 Imperium,
396 2990 450 3041 aut
464 2982 564 3042 Sicula
576 2989 678 3038 torvus
691 2999 758 3037 cum
772 2975 893 3055 conjuga
905 2979 1033 3048 Pluton;
1126 2981 1165 3038 50

211 3083 274 3142 Nec
286 3091 359 3160 rota,
374 3101 427 3142 nec
441 3083 548 3153 Furiae,
563 3097 617 3138 neo
630 3095 735 3144 saxum
748 3087 800 3138 aut
811 3078 935 3136 vulturis
949 3078 1006 3134 atri

211 3184 321 3249 Poena;
343 3182 392 3240 sed
406 3179 528 3238 infernis
541 3180 649 3237 hilares
663 3165 723 3236 sine
736 3177 851 3252 regibus
865 3177 984 3233 umbrae.

212 3281 390 3354 Improbites
402 3278 454 3336 illo
467 3276 524 3335 fuit
538 3275 718 3334 admirabilis
734 3293 804 3346 avo,

212 3377 376 3435 Credebant
387 3394 445 3451 quo
458 3377 566 3452 grande
578 3373 660 3432 nefas
673 3383 703 3432 et
715 3379 809 3432 morte
821 3371 969 3447 piandum,

213 3475 245 3533 Si
254 3475 371 3548 juvenis
383 3474 482 3533 vetulo
495 3492 554 3530 non
568 3478 765 3530 assurrexerat
777 3477 806 3527 at
819 3471 845 3526 si

133 3584 136 3588 ·
212 3573 343 3630 Barbato
356 3572 528 3643 cuicumque
541 3587 621 3644 puer,
635 3568 704 3625 licet
716 3568 778 3642 ipse
787 3566 901 3643 viderat
1016 3613 1018 3618 .
1077 3611 1080 3616 .

211 3669 304 3728 Plura
317 3668 397 3725 domi
410 3666 493 3742 fraga
507 3672 536 3722 et
548 3664 674 3739 majores
688 3665 800 3739 glandis
815 3681 940 3722 acervos.

212 3767 288 3822 Tam
301 3763 465 3821 venerabile
478 3769 541 3819 erat
554 3761 714 3836 praecedere
728 3769 852 3834 quatuor
865 3761 957 3832 annis,

211 3862 369 3934 Primaque
382 3859 521 3935 paradeo
534 3877 623 3915 sacrae
636 3859 744 3932 lanugo
757 3855 893 3919 senectae!
