2672 4350
507 365 536 406 D.
555 365 643 406 turin
667 365 845 408 ,iuvaturus

557 767 713 826 SATIRA
733 767 793 824 III.

198 901 344 972 Qumls
356 897 485 973 digressu
498 898 603 956 veteris
616 897 753 955 confusus
765 896 861 969 amici,

197 995 299 1054 Laudo
313 1003 420 1066 tamen,
435 996 536 1054 vacuis
549 995 626 1069 qnod
639 995 735 1052 sedem
748 995 835 1071 figere
849 993 952 1054 Cumis

198 1093 343 1163 Destinet,
356 1100 444 1164 atque
458 1109 550 1149 unum
563 1093 655 1149 civem
668 1091 777 1151 donare
791 1092 930 1168 Sibyllae..

198 1189 297 1248 Janua
309 1189 450 1245 Baiarum
462 1195 506 1246 est
519 1195 549 1244 et
562 1196 679 1264 gratum
693 1187 766 1246 litus
780 1190 888 1248 amoeni

197 1269 338 1346 Secessus.
380 1285 445 1361 Ego
458 1286 504 1342 vel
516 1285 696 1360 Prochytam
709 1304 847 1361 praepono
861 1287 991 1344 Suburae.

195 1383 273 1440 Nam
287 1383 358 1457 quid
370 1391 432 1440 tam
447 1383 593 1455 miserum,
609 1392 669 1440 tam
683 1384 778 1439 solum
792 1382 926 1457 vidimus,
940 1391 1047 1442 utnon

195 1482 333 1540 Deterius
346 1481 446 1539 credas
460 1482 576 1538 horrere
590 1479 731 1550 incendia,
747 1479 844 1554 lapsus

197 1579 354 1636 Tectorum
368 1578 546 1636 assiduasse
560 1576 640 1633 mille
654 1576 783 1650 pericula
796 1593 878 1634 scevae

196 1675 293 1747 Urbis,
308 1683 337 1730 et
351 1673 488 1749 Augusto
501 1673 657 1730 recitantes
671 1673 903 1746 mensepoetasi

196 1771 253 1828 Sed
266 1771 336 1828 dum
350 1777 415 1827 tota
428 1770 531 1826 domus
543 1770 613 1826 reda
628 1769 811 1843 componitur
825 1788 892 1841 una,
1038 1783 1040 1788 '
1114 1769 1154 1829 10

196 1866 335 1924 Substitit
348 1867 386 1924 ad
399 1874 510 1924 veteres
523 1883 607 1922 arcus
622 1866 825 1940 madidamque
839 1866 999 1941 Capenam.

196 1964 265 2035 Hic,
279 1964 330 2020 ubi
345 1971 494 2021 noctumae
507 1960 608 2020 Numa
622 1959 817 2021 constituebat
831 1964 941 2037 amicae,

196 2057 283 2117 Nunc
296 2062 370 2118 sacri
383 2058 472 2118 fontis
485 2077 587 2118 nemus
603 2067 633 2115 et
646 2060 768 2118 delubra
780 2061 914 2118 locantur

196 2159 218 2215 J
220 2157 322 2225 udaeis3
345 2175 468 2232 quorum
482 2157 624 2233 cophinus
637 2155 806 2232 foenumque
819 2158 965 2234 supellex;

197 2256 300 2315 Omnis
314 2256 392 2314 enim
405 2255 515 2331 populo
528 2255 688 2312 mercedem
702 2255 825 2328 pendere
833 2253 916 2328 jussa
929 2259 974 2312 est

196 2352 303 2424 Arbor,
318 2360 348 2408 et
361 2351 460 2425 ejectis
472 2350 621 2406 mendicat
635 2350 711 2406 silva
724 2349 869 2408 Camenis
966 2395 969 2402 .

196 2449 232 2504 In
246 2449 351 2506 vallem
365 2447 479 2522 Egeria
494 2447 693 2504 descendimus
706 2453 736 2502 et
751 2446 903 2521 speluncas

196 2544 357 2602 Dissimiles
370 2544 453 2601 veris
495 2542 614 2615 Quanto
629 2544 800 2618 praesentius
812 2552 888 2600 esset

195 2640 313 2699 Numen
328 2623 420 2714 aquae,
435 2639 523 2711 viridi
537 2639 560 2697 si
575 2641 706 2715 margine
721 2631 869 2698 clauderet
880 2640 974 2700 undas

144 2809 147 2824 Ι
162 2808 169 2826 κ
196 2740 305 2811 Herba,
319 2756 373 2795 nec
386 2727 545 2813 i'n‘genuum
559 2737 704 2794 violarent
718 2755 864 2796 marmora
877 2740 1016 2814 tophum!
1115 2741 1155 2799 20

197 2838 256 2895 Hic
269 2844 341 2893 tunc
354 2835 531 2906 Umb1icius,
545 2837 564 2867 “
573 2833 701 2906 Quando
714 2835 852 2908 artibus,''
866 2835 972 2909 inquit,
986 2837 1141 2894 “honestis

196 2933 305 2991 Nullus
317 2934 348 2990 in
363 2935 433 2990 urbe
446 2933 536 3003 locus,
552 2931 637 2988 nulla
651 2933 845 2990 emolumenta
858 2932 1007 3001 laborum3

197 3033 256 3089 Res
269 3031 354 3088 hodie
367 3031 462 3088 minor
476 3037 529 3102 est,
541 3030 609 3087 bere
623 3031 712 3103 quam
726 3027 792 3102 fuit,
808 3037 896 3103 atque
909 3031 1011 3089 cadem
1025 3047 1088 3088 cras

197 3129 317 3188 Deteret
332 3129 445 3205 exiguis
460 3128 589 3201 aliquid:
614 3129 802 3203 proponimus
813 3127 884 3186 illuc

151 3297 154 3304 Δ
197 3225 253 3298 Ire,
269 3224 403 3301 fatigatas
416 3225 467 3282 ubi
480 3225 619 3283 Daedalus
634 3225 717 3282 exuit
730 3225 801 3296 ales,

197 3322 279 3378 Dum
292 3341 369 3379 nova
382 3322 512 3393 canities,
524 3322 596 3379 dum
609 3321 704 3396 prima
718 3329 748 3378 et
759 3328 841 3379 recta
854 3327 992 3392 senectus,

197 3417 280 3474 Dum
293 3425 423 3493 superest
436 3419 558 3476 Lachesi
572 3418 649 3491 quod
664 3424 806 3490 torqueat,
822 3425 851 3474 et
867 3416 985 3491 pedibus
999 3432 1047 3473 me

197 3517 288 3572 Porto
302 3515 381 3586 meis,
397 3513 479 3571 nullo
492 3514 624 3570 dextram
639 3515 779 3570 subeunte
792 3513 906 3569 bacillo.

199 3611 343 3670 Cedamus
356 3613 466 3687 patria:
490 3609 591 3667 vivant
605 3610 743 3665 Artorius
758 3609 823 3665 istic

198 3709 240 3766 Et
254 3709 396 3775 Catulus;
416 3711 556 3763 maneant
570 3706 619 3778 qui
634 3705 750 3779 nigrum
763 3705 795 3760 in
810 3702 933 3762 candida
946 3709 1072 3776 vertunt,
1115 3703 1155 3762 30

200 3805 273 3875 Quis
287 3805 373 3862 facile
386 3811 430 3860 est
443 3803 533 3859 aedem
548 3803 715 3873 conducere,
726 3801 855 3872 flumina,
868 3808 978 3877 portus,
