2672 4350
204 341 245 395 26
509 351 539 391 u.
562 351 650 391 suun
673 349 851 392 suvansms

165 561 168 566 Ι
202 486 370 561 Componis,
385 485 462 544 dona
468 485 602 556 Veneris,
617 485 759 557 Telesina,
773 486 888 558 marito,

201 583 267 640 Aut
281 582 365 640 clude
377 589 407 639 et
420 582 532 658 positos
544 581 624 638 tinea
637 580 778 656 pertunde
791 581 909 640 libellos
963 579 966 591 '

202 681 317 754 Frange
329 678 418 736 miser
431 677 750 754 canmosvigitataque
764 678 869 753 proelia
882 677 955 749 dele,

202 776 262 848 Qui
275 775 347 834 facis
360 777 391 832 in
405 793 496 850 parva
508 761 646 832 sublimia
659 773 789 831 carmina
802 774 885 846 cella,

201 875 245 932 Ut
258 873 363 948 diguus
376 872 477 930 venias
489 871 602 950 hederis
616 879 647 928 et
660 870 787 947 imagine
799 889 907 930 macra.

202 972 274 1047 Spes
287 970 368 1028 nulla
382 969 521 1028 ulterior:
545 967 646 1026 didicit
654 966 718 1042 jam
734 968 814 1025 dives
828 986 934 1027 avarus
1119 971 1159 1031 30

201 1071 329 1127 Tantum
343 1068 492 1141 admirari,
506 1075 623 1125 tantum
637 1066 757 1124 laudare
769 1066 901 1140 disertos,

202 1167 246 1225 Ut
259 1166 341 1242 pueri
353 1167 375 1226 J
376 1166 478 1224 unonis
491 1183 584 1222 avem.
627 1163 685 1222 Sed
699 1164 801 1221 defluit
816 1173 888 1222 aetas

202 1265 243 1321 Et
256 1265 353 1341 pelagi
366 1265 479 1340 patiens
492 1269 522 1319 et
536 1261 653 1320 cassidis
668 1270 758 1336 atque
770 1261 882 1338 ligonis

202 1362 303 1419 Taedia
315 1369 386 1419 tunc
398 1363 522 1420 subeunt
534 1360 657 1432 animos,
673 1367 744 1417 tunc
756 1377 842 1434 seque
855 1377 996 1434 suamque
1042 1381 1044 1386 ·

202 1459 411 1535 Terpsichoren
425 1458 487 1515 odit
500 1451 626 1516 facunda
639 1465 670 1514 et
683 1456 763 1514 nuda
776 1466 914 1514 senectus.

242 1556 354 1632 Accipe
366 1573 444 1613 nune
457 1563 541 1627 artes,
556 1573 595 1611 ne
608 1554 679 1627 quid
693 1555 747 1613 tibi
761 1551 890 1612 conferat
903 1554 968 1628 iste,

203 1652 298 1724 Quem
313 1653 391 1724 colis,
406 1660 436 1709 et
448 1651 603 1709 Musarum
617 1658 646 1707 et
659 1650 809 1728 Apollinis
823 1652 883 1708 aede
896 1651 1009 1710 relicta.
1034 1710 1037 1718 ,

204 1747 270 1825 Ipse
282 1746 353 1806 facit
366 1766 465 1806 versus
480 1756 569 1821 atque
582 1747 633 1804 uni
647 1748 725 1805 cedit
739 1747 869 1806 Homero

202 1848 327 1922 Propter
339 1846 419 1904 mille
431 1864 538 1903 annos:
562 1853 601 1918 et,
616 1846 642 1903 si
655 1846 807 1904 dulcedine
821 1845 905 1905 famae

203 1943 364 2001 Succensus
376 1942 488 2015 recites,
504 1943 668 2001 maculosas
683 1944 848 2001 commodat
861 1943 954 2014 aedes3
1117 1943 1159 2006 40

203 2041 277 2099 Haee
289 2042 373 2118 longe
386 2040 496 2100 serrata
508 2041 612 2100 domus
625 2041 732 2100 servire
741 2041 870 2117 jubetur,

203 2138 239 2195 In
253 2157 313 2214 qua
326 2139 465 2198 sollicitas
479 2139 612 2197 imitatur
622 2138 717 2214 janua
731 2148 837 2217 portas

203 2237 267 2295 Scit
281 2237 350 2294 dare
363 2237 482 2296 libertos
494 2245 625 2294 extrema
639 2238 670 2293 in
684 2245 767 2312 parte
780 2239 911 2295 sedentes

204 2333 323 2393 Ordinis
339 2343 369 2392 et
381 2353 503 2411 magnas
516 2335 656 2392 comitum
670 2334 820 2409 disponere
833 2353 924 2393 voces.

202 2429 298 2488 Nemo
310 2431 393 2490 dabit
405 2450 515 2508 regum,
529 2431 633 2503 quanti
647 2431 783 2489 subsellia
796 2439 936 2503 constent,

167 2526 174 2532 '
203 2526 245 2583 Et
258 2545 322 2600 quae
335 2529 477 2585 conducto
489 2523 617 2603 pendent¹
629 2529 791 2585 anabathra
804 2529 907 2605 tigillo,
957 2545 961 2554 ·

204 2624 333 2697 Quasque
346 2625 526 2698 reportandis
538 2625 634 2698 posita
647 2629 691 2681 est
704 2627 853 2684 orchestra
866 2626 1016 2688 cathedris.

203 2719 266 2777 Nos
278 2727 378 2777 tamen
391 2721 447 2778 hoe
460 2721 572 2798 agimus
585 2721 724 2795 tenuique
737 2722 768 2779 in
782 2723 900 2799 pulvere
912 2724 1006 2783 sulcos

203 2809 347 2874 Ducimus
360 2825 391 2875 et
404 2818 473 2876 litus
487 2818 579 2876 sterili
593 2835 742 2876 versamus
755 2828 861 2879 aratro.

203 2912 281 2972 Nam
295 2913 321 2970 si
335 2914 476 2988 discedas,
491 2915 595 2990 laqueo
608 2922 688 2972 tenet
702 2917 849 2975 ambitiosi
1029 2957 1036 2970 .
1117 2921 1158 2978 50

205 3010 393 3070 Consuetudo
406 3013 495 3081 mali3
516 3021 595 3070 tenet
608 3010 769 3071 insanabile
782 3013 890 3074 multos

204 3109 353 3168 Scribendi
367 3111 527 3181 cacoethes,
544 3117 574 3166 et
587 3128 663 3187 aegro
677 3110 708 3168 in
725 3111 809 3169 corde
822 3113 949 3171 senescit
1057 3121 1058 3124 ’

205 3207 263 3266 Sed
275 3215 373 3264 vatem
386 3209 540 3284 egregium,
555 3207 602 3265 cui
617 3227 676 3266 non
690 3207 728 3266 sit
742 3208 858 3284 publiea
869 3226 953 3282 vena,

205 3303 265 3375 Qui
278 3304 352 3361 nihil
365 3305 530 3380 expositum
544 3305 634 3362 soleat
647 3305 794 3377 deducere,
808 3323 861 3362 nec
874 3306 926 3380 qui

206 3402 362 3462 Communi
376 3399 461 3459 feriat
476 3391 592 3460 carmen
606 3402 721 3460 triviale
734 3410 857 3474 moneta,

205 3499 302 3573 Hunc,
316 3499 434 3574 qualem
446 3515 557 3572 nequeo
570 3505 771 3555 monstrasset
784 3498 876 3556 sentio
889 3505 1017 3571 tantum,

204 3597 365 3660 Anxictate
378 3613 477 3653 carens
491 3594 607 3651 animus
619 3593 699 3667 facit,
713 3594 807 3652 omnis
819 3594 914 3652 acerbi

205 3693 373 3769 Impatiens,
389 3691 510 3767 cupidus
524 3691 661 3748 silvarum
675 3691 960 3768 aptusquebibendis

205 3783 349 3848 Fontibus
361 3789 520 3848 Aonidum.
563 3786 667 3862 Neque
680 3789 757 3846 enim
772 3797 888 3846 cantare
902 3790 955 3846 sub
969 3799 1054 3848 antro
