<?xml version="1.0" encoding="UTF-8"?>
<!DOCTYPE html PUBLIC "-//W3C//DTD XHTML 1.0 Transitional//EN"
    "http://www.w3.org/TR/xhtml1/DTD/xhtml1-transitional.dtd">
<html xmlns="http://www.w3.org/1999/xhtml" xml:lang="en" lang="en">
 <head>
  <title>
</title>
<meta http-equiv="Content-Type" content="text/html;charset=utf-8" />
  <meta name='ocr-system' content='tesseract 3.04.00' />
  <meta name='ocr-capabilities' content='ocr_page ocr_carea ocr_par ocr_line ocrx_word'/>
</head>
<body>
  <div class='ocr_page' id='page_1' title='image "./satiresjuvenala00juvegoog_0077.png"; bbox 0 0 2702 4354; ppageno 0'>
   <div class='ocr_carea' id='block_1_1' title="bbox 130 363 779 432">
    <p class='ocr_par' dir='ltr' id='par_1_1' title="bbox 130 363 779 432">
     <span class='ocr_line' id='line_1_1' title="bbox 130 363 779 432; baseline -0.003 -10"><span class='ocrx_word' id='word_1_1' title='bbox 130 363 173 422; x_wconf 89' lang='grc'>60</span> <span class='ocrx_word' id='word_1_2' title='bbox 439 381 471 423; x_wconf 87' lang='lat' dir='ltr'>o.</span> <span class='ocrx_word' id='word_1_3' title='bbox 490 378 578 432; x_wconf 79' lang='lat' dir='ltr'>sunu</span> <span class='ocrx_word' id='word_1_4' title='bbox 602 377 779 420; x_wconf 73' lang='lat' dir='ltr'>sursulus</span> 
     </span>
    </p>
   </div>
   <div class='ocr_carea' id='block_1_2' title="bbox 56 508 1091 1755">
    <p class='ocr_par' dir='ltr' id='par_1_2' title="bbox 130 508 799 586">
     <span class='ocr_line' id='line_1_2' title="bbox 130 508 799 586; baseline -0.001 -19"><span class='ocrx_word' id='word_1_5' title='bbox 130 510 235 568; x_wconf 85' lang='lat' dir='ltr'>Bellus</span> <span class='ocrx_word' id='word_1_6' title='bbox 248 511 425 586; x_wconf 87' lang='lat' dir='ltr'>concipitur:</span> <span class='ocrx_word' id='word_1_7' title='bbox 446 511 496 568; x_wconf 88' lang='lat' dir='ltr'>sed</span> <span class='ocrx_word' id='word_1_8' title='bbox 510 508 596 568; x_wconf 84' lang='lat' dir='ltr'>furva</span> <span class='ocrx_word' id='word_1_9' title='bbox 608 516 693 584; x_wconf 86' lang='lat' dir='ltr'>gente</span> <span class='ocrx_word' id='word_1_10' title='bbox 706 509 799 585; x_wconf 86' lang='lat' dir='ltr'>petita</span> 
     </span>
    </p>

    <p class='ocr_par' dir='ltr' id='par_1_3' title="bbox 130 607 809 682">
     <span class='ocr_line' id='line_1_3' title="bbox 130 607 809 682; baseline -0.003 -17"><span class='ocrx_word' id='word_1_11' title='bbox 130 607 294 665; x_wconf 88' lang='lat' dir='ltr'>Arboribus</span> <span class='ocrx_word' id='word_1_12' title='bbox 307 607 424 664; x_wconf 84' lang='lat' dir='ltr'>Rutulis</span> <span class='ocrx_word' id='word_1_13' title='bbox 438 615 468 665; x_wconf 92' lang='lat' dir='ltr'>et</span> <span class='ocrx_word' id='word_1_14' title='bbox 481 607 575 664; x_wconf 88' lang='lat' dir='ltr'>Turni</span> <span class='ocrx_word' id='word_1_15' title='bbox 589 607 716 682; x_wconf 87' lang='lat' dir='ltr'>pascitur</span> <span class='ocrx_word' id='word_1_16' title='bbox 730 623 809 682; x_wconf 82' lang='lat' dir='ltr'>egro,</span> 
     </span>
    </p>

    <p class='ocr_par' dir='ltr' id='par_1_4' title="bbox 132 703 798 778">
     <span class='ocr_line' id='line_1_4' title="bbox 132 703 798 778; baseline -0.005 -16"><span class='ocrx_word' id='word_1_17' title='bbox 132 703 255 762; x_wconf 72' lang='lat' dir='ltr'>Caesaris</span> <span class='ocrx_word' id='word_1_18' title='bbox 268 710 440 776; x_wconf 85' lang='lat' dir='ltr'>armentum,</span> <span class='ocrx_word' id='word_1_19' title='bbox 454 704 528 761; x_wconf 90' lang='lat' dir='ltr'>nulli</span> <span class='ocrx_word' id='word_1_20' title='bbox 542 703 648 761; x_wconf 90' lang='lat' dir='ltr'>servire</span> <span class='ocrx_word' id='word_1_21' title='bbox 662 710 798 778; x_wconf 86' lang='lat' dir='ltr'>paratum</span> 
     </span>
    </p>

    <p class='ocr_par' dir='ltr' id='par_1_5' title="bbox 131 800 798 876">
     <span class='ocr_line' id='line_1_5' title="bbox 131 800 798 876; baseline -0.003 -18"><span class='ocrx_word' id='word_1_22' title='bbox 131 800 268 858; x_wconf 86' lang='lat' dir='ltr'>Privato:</span> <span class='ocrx_word' id='word_1_23' title='bbox 290 800 433 874; x_wconf 78' lang='lat' dir='ltr'>siquidem</span> <span class='ocrx_word' id='word_1_24' title='bbox 446 800 538 876; x_wconf 84' lang='lat' dir='ltr'>Tyn&#39;o</span> <span class='ocrx_word' id='word_1_25' title='bbox 551 816 653 876; x_wconf 89' lang='lat' dir='ltr'>parere</span> <span class='ocrx_word' id='word_1_26' title='bbox 666 800 798 858; x_wconf 91' lang='lat' dir='ltr'>solebant</span> 
     </span>
    </p>

    <p class='ocr_par' dir='ltr' id='par_1_6' title="bbox 56 897 897 1068">
     <span class='ocr_line' id='line_1_6' title="bbox 56 897 897 972; baseline 0 -16"><span class='ocrx_word' id='word_1_27' title='bbox 56 953 59 956; x_wconf 87' lang='lat'>.</span> <span class='ocrx_word' id='word_1_28' title='bbox 132 897 304 970; x_wconf 83' lang='lat' dir='ltr'>Hannibali,</span> <span class='ocrx_word' id='word_1_29' title='bbox 320 904 349 954; x_wconf 90' lang='lat' dir='ltr'>et</span> <span class='ocrx_word' id='word_1_30' title='bbox 363 898 468 956; x_wconf 85' lang='lat' dir='ltr'>nostris</span> <span class='ocrx_word' id='word_1_31' title='bbox 482 897 613 970; x_wconf 90' lang='lat' dir='ltr'>ducibus,</span> <span class='ocrx_word' id='word_1_32' title='bbox 628 897 745 972; x_wconf 84' lang='lat' dir='ltr'>regique</span> <span class='ocrx_word' id='word_1_33' title='bbox 759 898 897 970; x_wconf 89' lang='lat' dir='ltr'>Molosso,</span> 
     </span>
     <span class='ocr_line' id='line_1_7' title="bbox 132 991 782 1068; baseline 0 -16"><span class='ocrx_word' id='word_1_34' title='bbox 132 995 248 1052; x_wconf 90' lang='lat' dir='ltr'>Horum</span> <span class='ocrx_word' id='word_1_35' title='bbox 261 992 393 1068; x_wconf 87' lang='lat' dir='ltr'>majores,</span> <span class='ocrx_word' id='word_1_36' title='bbox 407 1012 442 1052; x_wconf 88' lang='lat' dir='ltr'>ac</span> <span class='ocrx_word' id='word_1_37' title='bbox 455 993 540 1051; x_wconf 89' lang='lat' dir='ltr'>dorso</span> <span class='ocrx_word' id='word_1_38' title='bbox 552 991 628 1052; x_wconf 83' lang='lat' dir='ltr'>ferre</span> <span class='ocrx_word' id='word_1_39' title='bbox 641 995 782 1067; x_wconf 91' lang='lat' dir='ltr'>cohortes,</span> 
     </span>
    </p>

    <p class='ocr_par' dir='ltr' id='par_1_7' title="bbox 131 1091 1091 1468">
     <span class='ocr_line' id='line_1_8' title="bbox 132 1091 952 1167; baseline 0 -19"><span class='ocrx_word' id='word_1_40' title='bbox 132 1093 252 1148; x_wconf 86' lang='lat' dir='ltr'>Partem</span> <span class='ocrx_word' id='word_1_41' title='bbox 265 1091 394 1165; x_wconf 82' lang='lat' dir='ltr'>aliquam</span> <span class='ocrx_word' id='word_1_42' title='bbox 406 1091 485 1165; x_wconf 93' lang='lat' dir='ltr'>belli,</span> <span class='ocrx_word' id='word_1_43' title='bbox 500 1098 530 1148; x_wconf 90' lang='lat' dir='ltr'>et</span> <span class='ocrx_word' id='word_1_44' title='bbox 544 1099 662 1150; x_wconf 91' lang='lat' dir='ltr'>euntem</span> <span class='ocrx_word' id='word_1_45' title='bbox 675 1092 707 1150; x_wconf 89' lang='lat' dir='ltr'>in</span> <span class='ocrx_word' id='word_1_46' title='bbox 721 1092 827 1167; x_wconf 90' lang='lat' dir='ltr'>proelia</span> <span class='ocrx_word' id='word_1_47' title='bbox 840 1092 952 1151; x_wconf 82' lang='lat' dir='ltr'>turrim.</span> 
     </span>
     <span class='ocr_line' id='line_1_9' title="bbox 131 1188 1022 1267; baseline 0.004 -21"><span class='ocrx_word' id='word_1_48' title='bbox 131 1188 225 1246; x_wconf 89' lang='lat' dir='ltr'>Nulla</span> <span class='ocrx_word' id='word_1_49' title='bbox 237 1188 327 1264; x_wconf 85' lang='lat' dir='ltr'>igitur</span> <span class='ocrx_word' id='word_1_50' title='bbox 340 1207 422 1246; x_wconf 90' lang='lat' dir='ltr'>mora</span> <span class='ocrx_word' id='word_1_51' title='bbox 434 1207 486 1265; x_wconf 88' lang='lat' dir='ltr'>per</span> <span class='ocrx_word' id='word_1_52' title='bbox 498 1189 637 1261; x_wconf 87' lang='lat' dir='ltr'>Novium,</span> <span class='ocrx_word' id='word_1_53' title='bbox 654 1206 739 1247; x_wconf 91' lang='lat' dir='ltr'>mora</span> <span class='ocrx_word' id='word_1_54' title='bbox 751 1189 835 1249; x_wconf 87' lang='lat' dir='ltr'>nulla</span> <span class='ocrx_word' id='word_1_55' title='bbox 847 1209 899 1267; x_wconf 88' lang='lat' dir='ltr'>per</span> <span class='ocrx_word' id='word_1_56' title='bbox 911 1191 1022 1250; x_wconf 89' lang='lat' dir='ltr'>Istrum</span> 
     </span>
     <span class='ocr_line' id='line_1_10' title="bbox 131 1285 1091 1360; baseline 0.003 -17"><span class='ocrx_word' id='word_1_57' title='bbox 131 1287 304 1358; x_wconf 88' lang='lat' dir='ltr'>Pacuvium,</span> <span class='ocrx_word' id='word_1_58' title='bbox 320 1286 391 1360; x_wconf 89' lang='lat' dir='ltr'>quin</span> <span class='ocrx_word' id='word_1_59' title='bbox 406 1285 479 1343; x_wconf 90' lang='lat' dir='ltr'>illud</span> <span class='ocrx_word' id='word_1_60' title='bbox 492 1288 564 1344; x_wconf 87' lang='lat' dir='ltr'>ebur</span> <span class='ocrx_word' id='word_1_61' title='bbox 577 1286 701 1344; x_wconf 86' lang='lat' dir='ltr'>dueatur</span> <span class='ocrx_word' id='word_1_62' title='bbox 714 1287 752 1344; x_wconf 89' lang='lat' dir='ltr'>ad</span> <span class='ocrx_word' id='word_1_63' title='bbox 765 1306 841 1360; x_wconf 84' lang='lat' dir='ltr'>aras,</span> <span class='ocrx_word' id='word_1_64' title='bbox 1032 1287 1091 1346; x_wconf 91' lang='lat'>110</span> 
     </span>
     <span class='ocr_line' id='line_1_11' title="bbox 132 1373 816 1468; baseline 0.001 -26"><span class='ocrx_word' id='word_1_65' title='bbox 132 1385 175 1442; x_wconf 89' lang='lat' dir='ltr'>Et</span> <span class='ocrx_word' id='word_1_66' title='bbox 189 1383 275 1442; x_wconf 83' lang='lat' dir='ltr'>cadat</span> <span class='ocrx_word' id='word_1_67' title='bbox 289 1392 357 1442; x_wconf 86' lang='lat' dir='ltr'>ante</span> <span class='ocrx_word' id='word_1_68' title='bbox 370 1384 460 1442; x_wconf 82' lang='lat' dir='ltr'>Lares</span> <span class='ocrx_word' id='word_1_69' title='bbox 475 1383 597 1443; x_wconf 81' lang='lat' dir='ltr'>Gallitae</span> <span class='ocrx_word' id='word_1_70' title='bbox 610 1373 739 1468; x_wconf 80' lang='lat' dir='ltr'>victima,</span> <span class='ocrx_word' id='word_1_71' title='bbox 754 1385 816 1443; x_wconf 87' lang='lat' dir='ltr'>sola</span> 
     </span>
    </p>

    <p class='ocr_par' dir='ltr' id='par_1_8' title="bbox 132 1483 806 1559">
     <span class='ocr_line' id='line_1_12' title="bbox 132 1483 806 1559; baseline -0.004 -17"><span class='ocrx_word' id='word_1_72' title='bbox 132 1484 239 1542; x_wconf 84' lang='lat' dir='ltr'>Tantis</span> <span class='ocrx_word' id='word_1_73' title='bbox 252 1483 341 1559; x_wconf 83' lang='lat' dir='ltr'>digna</span> <span class='ocrx_word' id='word_1_74' title='bbox 354 1483 426 1542; x_wconf 90' lang='lat' dir='ltr'>Deis</span> <span class='ocrx_word' id='word_1_75' title='bbox 438 1490 468 1540; x_wconf 90' lang='lat' dir='ltr'>et</span> <span class='ocrx_word' id='word_1_76' title='bbox 481 1483 680 1559; x_wconf 82' lang='lat' dir='ltr'>captatoribus</span> <span class='ocrx_word' id='word_1_77' title='bbox 692 1484 806 1540; x_wconf 87' lang='lat' dir='ltr'>horum.</span> 
     </span>
    </p>

    <p class='ocr_par' dir='ltr' id='par_1_9' title="bbox 132 1581 798 1654">
     <span class='ocr_line' id='line_1_13' title="bbox 132 1581 798 1654; baseline -0.002 -15"><span class='ocrx_word' id='word_1_78' title='bbox 132 1581 222 1639; x_wconf 87' lang='lat' dir='ltr'>Alter</span> <span class='ocrx_word' id='word_1_79' title='bbox 234 1581 322 1654; x_wconf 91' lang='lat' dir='ltr'>enim,</span> <span class='ocrx_word' id='word_1_80' title='bbox 336 1581 361 1638; x_wconf 92' lang='lat' dir='ltr'>si</span> <span class='ocrx_word' id='word_1_81' title='bbox 375 1582 515 1638; x_wconf 83' lang='lat' dir='ltr'>concedas</span> <span class='ocrx_word' id='word_1_82' title='bbox 528 1588 665 1651; x_wconf 85' lang='lat' dir='ltr'>mactare,</span> <span class='ocrx_word' id='word_1_83' title='bbox 681 1581 798 1639; x_wconf 86' lang='lat' dir='ltr'>vovebit</span> 
     </span>
    </p>

    <p class='ocr_par' dir='ltr' id='par_1_10' title="bbox 133 1663 945 1755">
     <span class='ocr_line' id='line_1_14' title="bbox 133 1663 945 1755; baseline 0 -19"><span class='ocrx_word' id='word_1_84' title='bbox 133 1663 181 1736; x_wconf 87' lang='lat' dir='ltr'>De</span> <span class='ocrx_word' id='word_1_85' title='bbox 194 1697 279 1755; x_wconf 82' lang='lat' dir='ltr'>grege</span> <span class='ocrx_word' id='word_1_86' title='bbox 292 1696 440 1737; x_wconf 87' lang='lat' dir='ltr'>servorum</span> <span class='ocrx_word' id='word_1_87' title='bbox 452 1696 559 1754; x_wconf 87' lang='lat' dir='ltr'>magua</span> <span class='ocrx_word' id='word_1_88' title='bbox 571 1685 601 1735; x_wconf 93' lang='lat' dir='ltr'>et</span> <span class='ocrx_word' id='word_1_89' title='bbox 615 1678 809 1754; x_wconf 86' lang='lat' dir='ltr'>pulcherrima</span> <span class='ocrx_word' id='word_1_90' title='bbox 822 1693 945 1753; x_wconf 88' lang='lat' dir='ltr'>quaeque</span> 
     </span>
    </p>
   </div>
   <div class='ocr_carea' id='block_1_3' title="bbox 26 1773 844 1854">
    <p class='ocr_par' dir='ltr' id='par_1_11' title="bbox 26 1773 844 1854">
     <span class='ocr_line' id='line_1_15' title="bbox 26 1773 844 1854; baseline -0.001 -19"><span class='ocrx_word' id='word_1_91' title='bbox 26 1845 31 1854; x_wconf 44' lang='grc'>,</span> <span class='ocrx_word' id='word_1_92' title='bbox 134 1776 281 1851; x_wconf 81' lang='lat' dir='ltr'>Corpora3</span> <span class='ocrx_word' id='word_1_93' title='bbox 302 1775 350 1833; x_wconf 92' lang='lat' dir='ltr'>vel</span> <span class='ocrx_word' id='word_1_94' title='bbox 363 1775 460 1851; x_wconf 88' lang='lat' dir='ltr'>pueris</span> <span class='ocrx_word' id='word_1_95' title='bbox 472 1783 502 1833; x_wconf 92' lang='lat' dir='ltr'>et</span> <span class='ocrx_word' id='word_1_96' title='bbox 515 1773 844 1834; x_wconf 85' lang='lat' dir='ltr'>frontibusancillarum</span> 
     </span>
    </p>
   </div>
   <div class='ocr_carea' id='block_1_4' title="bbox 133 1871 897 2144">
    <p class='ocr_par' dir='ltr' id='par_1_12' title="bbox 133 1871 897 2144">
     <span class='ocr_line' id='line_1_16' title="bbox 134 1871 897 1947; baseline 0.009 -18"><span class='ocrx_word' id='word_1_97' title='bbox 134 1873 270 1947; x_wconf 90' lang='lat' dir='ltr'>Imponet</span> <span class='ocrx_word' id='word_1_98' title='bbox 282 1872 379 1946; x_wconf 87' lang='lat' dir='ltr'>vittas,</span> <span class='ocrx_word' id='word_1_99' title='bbox 393 1879 432 1945; x_wconf 89' lang='lat' dir='ltr'>et,</span> <span class='ocrx_word' id='word_1_100' title='bbox 447 1871 471 1930; x_wconf 88' lang='lat' dir='ltr'>si</span> <span class='ocrx_word' id='word_1_101' title='bbox 485 1891 544 1946; x_wconf 89' lang='lat' dir='ltr'>qua</span> <span class='ocrx_word' id='word_1_102' title='bbox 556 1881 600 1931; x_wconf 89' lang='lat' dir='ltr'>est</span> <span class='ocrx_word' id='word_1_103' title='bbox 614 1872 722 1930; x_wconf 90' lang='lat' dir='ltr'>nubilis</span> <span class='ocrx_word' id='word_1_104' title='bbox 735 1873 780 1930; x_wconf 94' lang='lat' dir='ltr'>illi</span> <span class='ocrx_word' id='word_1_105' title='bbox 895 1931 897 1936; x_wconf 88' lang='lat'><em>.</em></span> 
     </span>
     <span class='ocr_line' id='line_1_17' title="bbox 133 1969 806 2062; baseline 0.004 -35"><span class='ocrx_word' id='word_1_106' title='bbox 133 1969 287 2046; x_wconf 84' lang='lat' dir='ltr'>Iphigenia</span> <span class='ocrx_word' id='word_1_107' title='bbox 299 1969 388 2043; x_wconf 92' lang='lat' dir='ltr'>domi,</span> <span class='ocrx_word' id='word_1_108' title='bbox 401 1969 484 2029; x_wconf 88' lang='lat' dir='ltr'>dabit</span> <span class='ocrx_word' id='word_1_109' title='bbox 496 1970 573 2028; x_wconf 88' lang='lat' dir='ltr'>hanc</span> <span class='ocrx_word' id='word_1_110' title='bbox 585 1971 736 2062; x_wconf 79' lang='lat' dir='ltr'>altaribus,</span> <span class='ocrx_word' id='word_1_111' title='bbox 751 1971 806 2030; x_wconf 88' lang='lat' dir='ltr'>etsi</span> 
     </span>
     <span class='ocr_line' id='line_1_18' title="bbox 134 2066 812 2144; baseline -0.003 -18"><span class='ocrx_word' id='word_1_112' title='bbox 134 2067 204 2126; x_wconf 89' lang='lat' dir='ltr'>Non</span> <span class='ocrx_word' id='word_1_113' title='bbox 216 2075 315 2144; x_wconf 86' lang='lat' dir='ltr'>sperat</span> <span class='ocrx_word' id='word_1_114' title='bbox 327 2068 446 2144; x_wconf 77' lang='lat' dir='ltr'>tragicae</span> <span class='ocrx_word' id='word_1_115' title='bbox 459 2066 569 2128; x_wconf 84' lang='lat' dir='ltr'>furtiva</span> <span class='ocrx_word' id='word_1_116' title='bbox 582 2069 700 2144; x_wconf 88' lang='lat' dir='ltr'>piacula</span> <span class='ocrx_word' id='word_1_117' title='bbox 713 2086 812 2128; x_wconf 86' lang='lat' dir='ltr'>cervae.</span> 
     </span>
    </p>
   </div>
   <div class='ocr_carea' id='block_1_5' title="bbox 18 2166 918 2243">
    <p class='ocr_par' dir='ltr' id='par_1_13' title="bbox 18 2166 918 2243">
     <span class='ocr_line' id='line_1_19' title="bbox 18 2166 918 2243; baseline 0.002 -20"><span class='ocrx_word' id='word_1_118' title='bbox 18 2199 19 2202; x_wconf 61' lang='lat'><em>=</em></span> <span class='ocrx_word' id='word_1_119' title='bbox 134 2166 237 2225; x_wconf 85' lang='lat' dir='ltr'>Laudo</span> <span class='ocrx_word' id='word_1_120' title='bbox 250 2185 349 2226; x_wconf 90' lang='lat' dir='ltr'>meum</span> <span class='ocrx_word' id='word_1_121' title='bbox 362 2167 464 2241; x_wconf 90' lang='lat' dir='ltr'>civem,</span> <span class='ocrx_word' id='word_1_122' title='bbox 478 2185 532 2225; x_wconf 91' lang='lat' dir='ltr'>nec</span> <span class='ocrx_word' id='word_1_123' title='bbox 544 2185 681 2243; x_wconf 88' lang='lat' dir='ltr'>comparo</span> <span class='ocrx_word' id='word_1_124' title='bbox 694 2175 868 2226; x_wconf 88' lang='lat' dir='ltr'>testamento</span> <span class='ocrx_word' id='word_1_125' title='bbox 917 2239 918 2242; x_wconf 8' lang='grc' dir='ltr'><strong>Ἴ</strong></span> 
     </span>
    </p>
   </div>
   <div class='ocr_carea' id='block_1_6' title="bbox 134 2263 1092 3118">
    <p class='ocr_par' dir='ltr' id='par_1_14' title="bbox 134 2263 1092 3118">
     <span class='ocr_line' id='line_1_20' title="bbox 134 2263 1092 2340; baseline 0.002 -18"><span class='ocrx_word' id='word_1_126' title='bbox 134 2263 219 2322; x_wconf 89' lang='lat' dir='ltr'>Mille</span> <span class='ocrx_word' id='word_1_127' title='bbox 233 2273 328 2323; x_wconf 90' lang='lat' dir='ltr'>rates:</span> <span class='ocrx_word' id='word_1_128' title='bbox 350 2264 458 2322; x_wconf 87' lang='lat' dir='ltr'>namsi</span> <span class='ocrx_word' id='word_1_129' title='bbox 471 2264 631 2322; x_wconf 88' lang='lat' dir='ltr'>Libitinam</span> <span class='ocrx_word' id='word_1_130' title='bbox 645 2265 769 2321; x_wconf 85' lang='lat' dir='ltr'>evaserit</span> <span class='ocrx_word' id='word_1_131' title='bbox 783 2282 866 2340; x_wconf 85' lang='lat' dir='ltr'>aeger,</span> <span class='ocrx_word' id='word_1_132' title='bbox 890 2306 895 2314; x_wconf 94' lang='lat'>.</span> <span class='ocrx_word' id='word_1_133' title='bbox 1033 2264 1092 2324; x_wconf 76' lang='lat'>120</span> 
     </span>
     <span class='ocr_line' id='line_1_21' title="bbox 136 2361 773 2434; baseline -0.005 -14"><span class='ocrx_word' id='word_1_134' title='bbox 136 2361 255 2420; x_wconf 89' lang='lat' dir='ltr'>Delebit</span> <span class='ocrx_word' id='word_1_135' title='bbox 267 2362 392 2434; x_wconf 87' lang='lat' dir='ltr'>tabulas,</span> <span class='ocrx_word' id='word_1_136' title='bbox 406 2361 534 2420; x_wconf 87' lang='lat' dir='ltr'>inclusus</span> <span class='ocrx_word' id='word_1_137' title='bbox 548 2378 660 2418; x_wconf 86' lang='lat' dir='ltr'>carcere</span> <span class='ocrx_word' id='word_1_138' title='bbox 673 2378 773 2432; x_wconf 85' lang='lat' dir='ltr'>nassae,</span> 
     </span>
     <span class='ocr_line' id='line_1_22' title="bbox 135 2456 918 2530; baseline -0.003 -14"><span class='ocrx_word' id='word_1_139' title='bbox 135 2460 209 2517; x_wconf 93' lang='lat' dir='ltr'>Post</span> <span class='ocrx_word' id='word_1_140' title='bbox 224 2460 361 2517; x_wconf 89' lang='lat' dir='ltr'>meritum</span> <span class='ocrx_word' id='word_1_141' title='bbox 374 2475 443 2516; x_wconf 88' lang='lat' dir='ltr'>sane</span> <span class='ocrx_word' id='word_1_142' title='bbox 457 2458 632 2528; x_wconf 81' lang='lat' dir='ltr'>mirandum,</span> <span class='ocrx_word' id='word_1_143' title='bbox 648 2464 736 2530; x_wconf 90' lang='lat' dir='ltr'>atque</span> <span class='ocrx_word' id='word_1_144' title='bbox 750 2456 849 2514; x_wconf 89' lang='lat' dir='ltr'>omnia</span> <span class='ocrx_word' id='word_1_145' title='bbox 862 2456 918 2516; x_wconf 86' lang='lat' dir='ltr'>soli</span> 
     </span>
     <span class='ocr_line' id='line_1_23' title="bbox 136 2543 933 2629; baseline -0.001 -16"><span class='ocrx_word' id='word_1_146' title='bbox 136 2557 248 2613; x_wconf 87' lang='lat' dir='ltr'>Forsan</span> <span class='ocrx_word' id='word_1_147' title='bbox 261 2555 392 2612; x_wconf 87' lang='lat' dir='ltr'>Pacuvio</span> <span class='ocrx_word' id='word_1_148' title='bbox 405 2555 532 2613; x_wconf 87' lang='lat' dir='ltr'>breviter</span> <span class='ocrx_word' id='word_1_149' title='bbox 545 2553 633 2612; x_wconf 86' lang='lat' dir='ltr'>dabit</span> <span class='ocrx_word' id='word_1_150' title='bbox 675 2553 731 2610; x_wconf 91' lang='lat' dir='ltr'>Ille</span> <span class='ocrx_word' id='word_1_151' title='bbox 744 2556 884 2629; x_wconf 86' lang='lat' dir='ltr'>superbus</span> <span class='ocrx_word' id='word_1_152' title='bbox 928 2543 933 2552; x_wconf 50' lang='lat'><strong>⁶</strong></span> 
     </span>
     <span class='ocr_line' id='line_1_24' title="bbox 136 2651 837 2728; baseline -0.001 -18"><span class='ocrx_word' id='word_1_153' title='bbox 136 2653 254 2711; x_wconf 89' lang='lat' dir='ltr'>Incedet</span> <span class='ocrx_word' id='word_1_154' title='bbox 267 2652 351 2710; x_wconf 89' lang='lat' dir='ltr'>vietis</span> <span class='ocrx_word' id='word_1_155' title='bbox 363 2652 511 2710; x_wconf 85' lang='lat' dir='ltr'>rivalibus</span> <span class='ocrx_word' id='word_1_156' title='bbox 552 2651 632 2728; x_wconf 84' lang='lat' dir='ltr'>Ergo</span> <span class='ocrx_word' id='word_1_157' title='bbox 644 2651 734 2724; x_wconf 89' lang='lat' dir='ltr'>vides,</span> <span class='ocrx_word' id='word_1_158' title='bbox 748 2669 837 2726; x_wconf 88' lang='lat' dir='ltr'>quam</span> 
     </span>
     <span class='ocr_line' id='line_1_25' title="bbox 137 2747 906 2826; baseline -0.004 -16"><span class='ocrx_word' id='word_1_159' title='bbox 137 2750 257 2810; x_wconf 84' lang='lat' dir='ltr'>Grande</span> <span class='ocrx_word' id='word_1_160' title='bbox 270 2766 365 2824; x_wconf 83' lang='lat' dir='ltr'>operae</span> <span class='ocrx_word' id='word_1_161' title='bbox 377 2750 505 2825; x_wconf 89' lang='lat' dir='ltr'>pretium</span> <span class='ocrx_word' id='word_1_162' title='bbox 518 2747 608 2809; x_wconf 84' lang='lat' dir='ltr'>faciat</span> <span class='ocrx_word' id='word_1_163' title='bbox 615 2749 753 2826; x_wconf 86' lang='lat' dir='ltr'>jugulata</span> <span class='ocrx_word' id='word_1_164' title='bbox 765 2750 906 2825; x_wconf 82' lang='lat' dir='ltr'>Mycenis.</span> 
     </span>
     <span class='ocr_line' id='line_1_26' title="bbox 176 2847 884 2920; baseline 0 -14"><span class='ocrx_word' id='word_1_165' title='bbox 176 2847 270 2906; x_wconf 89' lang='lat' dir='ltr'>Vivat</span> <span class='ocrx_word' id='word_1_166' title='bbox 282 2847 437 2918; x_wconf 82' lang='lat' dir='ltr'>Pacuvius,</span> <span class='ocrx_word' id='word_1_167' title='bbox 453 2863 559 2920; x_wconf 82' lang='lat' dir='ltr'>quaeso,</span> <span class='ocrx_word' id='word_1_168' title='bbox 570 2847 620 2910; x_wconf 65' lang='lat' dir='ltr'>nel</span> <span class='ocrx_word' id='word_1_169' title='bbox 633 2847 759 2906; x_wconf 84' lang='lat' dir='ltr'>Nestora</span> <span class='ocrx_word' id='word_1_170' title='bbox 771 2853 884 2915; x_wconf 88' lang='lat' dir='ltr'>totum;</span> 
     </span>
     <span class='ocr_line' id='line_1_27' title="bbox 136 2943 959 3019; baseline 0.002 -17"><span class='ocrx_word' id='word_1_171' title='bbox 136 2943 296 3018; x_wconf 83' lang='lat' dir='ltr'>Possideat,</span> <span class='ocrx_word' id='word_1_172' title='bbox 310 2952 452 3018; x_wconf 91' lang='lat' dir='ltr'>quantum</span> <span class='ocrx_word' id='word_1_173' title='bbox 464 2945 564 3019; x_wconf 87' lang='lat' dir='ltr'>rapuit</span> <span class='ocrx_word' id='word_1_174' title='bbox 576 2944 674 3015; x_wconf 83' lang='lat' dir='ltr'>Nero3</span> <span class='ocrx_word' id='word_1_175' title='bbox 695 2946 842 3004; x_wconf 86' lang='lat' dir='ltr'>montibus</span> <span class='ocrx_word' id='word_1_176' title='bbox 853 2963 959 3004; x_wconf 84' lang='lat' dir='ltr'>aarum</span> 
     </span>
     <span class='ocr_line' id='line_1_28' title="bbox 137 3040 992 3118; baseline 0.002 -18"><span class='ocrx_word' id='word_1_177' title='bbox 137 3040 299 3118; x_wconf 81' lang='lat' dir='ltr'>Exaequet3</span> <span class='ocrx_word' id='word_1_178' title='bbox 320 3059 375 3102; x_wconf 86' lang='lat' dir='ltr'>nec</span> <span class='ocrx_word' id='word_1_179' title='bbox 387 3048 466 3100; x_wconf 88' lang='lat' dir='ltr'>amet</span> <span class='ocrx_word' id='word_1_180' title='bbox 478 3057 655 3116; x_wconf 88' lang='lat' dir='ltr'>quenquam,</span> <span class='ocrx_word' id='word_1_181' title='bbox 670 3059 724 3102; x_wconf 90' lang='lat' dir='ltr'>nec</span> <span class='ocrx_word' id='word_1_182' title='bbox 736 3050 851 3108; x_wconf 82' lang='lat' dir='ltr'>ametur</span> <span class='ocrx_word' id='word_1_183' title='bbox 863 3045 902 3102; x_wconf 91' lang='lat' dir='ltr'>ab</span> <span class='ocrx_word' id='word_1_184' title='bbox 914 3043 992 3102; x_wconf 86' lang='lat' dir='ltr'>ulloi</span> 
     </span>
    </p>
   </div>
   <div class='ocr_carea' id='block_1_7' title="bbox 0 0 1367 4354">
    <p class='ocr_par' dir='ltr' id='par_1_15' title="bbox 0 0 1367 4354">
     <span class='ocr_line' id='line_1_29' title="bbox 0 0 1367 4354; baseline 0 0"><span class='ocrx_word' id='word_1_185' title='bbox 0 0 1367 4354; x_wconf 95' lang='lat' dir='ltr'> </span> 
     </span>
    </p>
   </div>
  </div>
 </body>
</html>
