2702 4354
206 357 248 412 70
517 373 547 414 n.
564 373 653 415 suun
675 373 853 415 JUVENALIS

206 505 247 562 Et
259 509 422 578 monstrata
434 504 484 560 diu
498 505 603 561 veteris
618 505 708 562 trahit
723 505 818 562 orbita
832 505 931 580 culpae.

206 600 365 661 Abstineas
377 599 468 675 igitur
481 601 668 659 damnandisr
691 599 779 674 hujus
792 603 869 657 enim
883 602 930 658 vel

206 699 275 756 Una
287 704 390 772 potens
402 697 479 755 ratio
493 705 546 767 cst,
561 716 598 755 no
612 698 735 755 crimina
749 704 848 754 nostra
862 707 1019 771 sequantur
1097 702 1112 716 ²

206 794 255 850 Ex
267 793 352 852 nobis
365 793 471 869 geniti:
494 794 634 868 quoniam
647 795 755 852 dociles
767 794 918 852 imitandis

206 891 353 967 Turpibus
365 910 400 949 ac
412 892 622 968 pravis'omnes
637 910 744 964 sumus,
759 899 788 948 et
803 891 961 950 Catilinam
1040 927 1044 932 -

206 989 386 1064 Quocunque
399 991 430 1047 in
445 991 553 1067 populo
567 991 674 1062 videas,
690 1008 863 1064 quocunque
877 994 932 1049 sub
944 1009 1016 1049 axo:

206 1088 264 1146 Sed
277 1106 331 1147 neo
343 1090 455 1148 Brutus
468 1089 533 1161 erit,
548 1090 636 1146 Bruti
650 1107 703 1146 nec
717 1089 877 1147 avunculus
890 1109 1021 1164 usquam.

205 1185 257 1242 Nil
271 1185 351 1244 dictu
363 1184 474 1243 foedum
488 1188 610 1260 visuque
622 1187 685 1244 haec
696 1185 800 1244 limina
812 1193 925 1262 tangat,

206 1282 291 1340 Intra
304 1300 369 1357 quae
382 1301 455 1359 puer
469 1291 521 1342 est.

205 1380 341 1438 Maxima
353 1380 474 1439 debetur
486 1400 577 1456 puero
590 1383 758 1441 reverentia.
801 1382 833 1441 Si
847 1382 917 1456 quid
1017 1439 1019 1445 .

206 1479 305 1555 Turpe
318 1497 412 1554 paras,
427 1489 510 1538 netu
524 1481 607 1556 pueri
621 1481 804 1539 contemseris
818 1497 917 1553 annos,

206 1576 265 1635 Sed
277 1585 431 1652 peccaturo
445 1579 540 1634 obstet
554 1578 610 1634 tibi
623 1578 701 1636 filius
714 1577 817 1634 infans.

205 1673 285 1731 Nam
298 1675 324 1731 si
338 1675 409 1756 quid
422 1675 542 1749 dignum
558 1657 692 1734 Censoris
705 1672 803 1732 fecerit
816 1675 862 1732 ira

207 1771 396 1844 Quandoque,
412 1779 441 1828 et
454 1770 580 1830 similem
593 1770 648 1830 tibi
661 1789 691 1828 se
704 1790 763 1829 non
778 1789 897 1848 corpore
909 1781 1026 1833 tantum

205 1867 269 1926 Nec
281 1867 367 1925 vultu
381 1857 499 1940 dederit,
514 1886 629 1926 morum
642 1885 757 1942 quoque
770 1869 855 1941 filius,
872 1871 965 1945 etqui

206 1965 316 2024 Omnia
328 1965 454 2024 deterius
468 1969 521 2024 tua¹
534 1984 586 2041 per
598 1966 722 2042 vestigia
734 1975 849 2042 peccet:

206 2061 352 2144 corripies
364 2063 504 2122 nimirum
518 2071 549 2121 et
562 2063 716 2140 castigabis
729 2066 832 2124 acerbo

206 2157 345 2216 Clamore
354 2177 389 2218 ac
402 2167 469 2234 post
482 2159 545 2218 haee
558 2161 673 2217 tabulas
687 2165 802 2218 mutare
815 2161 948 2237 parabis!

205 2255 292 2314 Unde
305 2256 359 2314 tibi
373 2255 498 2315 frontem
510 2257 732 2331 libertatemque
745 2260 881 2333 parentis,
1121 2263 1163 2322 50

206 2353 304 2426 Quum
317 2351 407 2412 facias
420 2353 518 2430 pejora
531 2373 620 2413 senex
627 2361 813 2430 'vacuumque
826 2356 942 2415 cerebro
963 2393 968 2404 ·

204 2451 226 2510 J
227 2469 275 2508 am
289 2451 400 2526 pridem
413 2458 502 2527 caput
515 2453 572 2510 hoc
584 2460 704 2511 ventosa
717 2455 869 2513 cucurbita
882 2457 1015 2530 quaerat?

245 2549 371 2625 Hospite
385 2558 516 2622 venturo,
533 2552 656 2610 cessabit
669 2571 757 2611 nemo
768 2560 895 2614 tuorum.

207 2645 327 2704 “Verre
339 2646 547 2722 pavimentum,
562 2649 668 2708 nitidas
683 2652 802 2709 osmnde
814 2639 971 2726 columnas,

204 2741 300 2800 Arida
314 2759 380 2800 curn
395 2749 458 2813 tota
471 2745 626 2805 descendat
639 2765 751 2809 aranea
761 2749 836 2818 tela3

205 2841 265 2900 Hic
278 2841 341 2899 leve
353 2849 515 2919 argentum,
530 2861 600 2902 vasa
617 2862 719 2921 aspera
732 2854 842 2924 tergeat
855 2848 964 2907 alter-2⁹²
1040 2898 1042 2902 .

204 2939 274 2998 Vox
286 2939 397 3000 domini
410 2938 482 2998 furit
494 2941 631 3000 instantis
643 2943 814 3020 virgamque
827 2947 961 3004 tenentis.

204 3037 285 3114 Ergo
297 3039 386 3096 miser
399 3039 535 3115 trepidas,
549 3057 586 3097 ne
599 3047 724 3099 stercore
736 3038 815 3100 foeda
828 3043 934 3102 canino

204 3135 293 3193 Atria
305 3135 476 3211 displiceant
489 3136 582 3195 oculis
594 3138 736 3196 venientis
748 3140 843 3213 amici,

205 3232 251 3288 Ne
265 3232 382 3308 perfusa
394 3234 459 3292 luto
472 3235 511 3292 sit
526 3235 653 3310 porticus
668 3239 710 3308 (et
723 3243 821 3294 tamen
834 3255 893 3296 uno
1120 3242 1160 3300 60

205 3328 340 3390 Semodio
354 3330 445 3389 scobis
458 3330 522 3389 haec
535 3331 670 3389 emendat
681 3335 810 3391 servulus
824 3338 928 3411 unus)=

205 3423 284 3482 Illud
296 3444 356 3485 non
368 3427 471 3503 agitas,
485 3435 520 3486 ut
532 3437 664 3488 sanctam
676 3429 752 3488 filius
765 3432 845 3489 omni

192 3521 340 3599 ‘Aspiciat
351 3523 414 3582 sine
426 3524 491 3582 labe
504 3524 623 3584 domum
634 3527 766 3601 vitioque
778 3525 944 3590 carentem?
958 3505 978 3578 l(

124 3669 131 3678 ,,
205 3619 333 3680 Gratum
347 3628 399 3694 est,
415 3621 492 3695 quod
505 3623 606 3696 patriae
620 3622 713 3682 civent
725 3627 888 3700 populoque
901 3627 1014 3700 dedisti,

206 3717 239 3777 si
253 3717 331 3791 facis,
345 3725 380 3777 ut
391 3717 493 3793 patriae
506 3719 545 3775 sit
558 3719 688 3789 idoneus,
703 3720 784 3777 utilis
798 3723 882 3796 agris,

206 3814 297 3873 Utilis
311 3824 341 3874 et
353 3816 495 3894 bellorum
509 3821 538 3872 et
552 3815 631 3891 pacis
645 3818 730 3874 rebus
744 3819 871 3892 agendis.
