2702 4354
620 387 736 430 samaa
759 387 805 429 xl.

150 569 157 580 .
235 522 368 582 Necdum
382 539 471 580 ausus
483 522 580 597 virgas
592 519 712 577 humilis
724 519 854 577 mordere
867 518 971 590 salicti,

237 620 294 692 Qui
308 619 375 695 plus
387 619 473 676 lactis
484 619 581 689 habet,
597 635 686 690 quam
699 616 866 692 sanguinis3
888 622 918 672 et
931 615 1065 674 montani

235 716 389 792 Asparagi,
404 716 499 792 posito
512 731 585 788 quos
599 714 670 790 legit
682 713 783 771 villica
795 710 868 770 fuso.

197 817 209 838 ⁰
237 812 369 871 Grandia
382 821 522 888 praeterea
535 819 669 885 tortoque
682 801 807 868 ¹calentia
819 809 899 868 foeno

237 909 302 968 Ova
316 909 423 966 adsunt
437 910 507 985 ipsis
521 928 588 967 cum
601 907 750 980 matribus,
765 914 795 964 et
810 914 930 964 servatae

235 1008 324 1065 Parte
338 1006 416 1078 anni,
429 1008 529 1081 qualos
543 1006 660 1063 fucrant
672 1007 703 1062 in
717 1006 832 1078 vitibus,
848 1024 931 1062 uvae:

236 1087 391 1180 Signinum
405 1105 578 1180 ayaumque
592 1103 697 1179 pirum,
714 1102 749 1159 se
763 1091 896 1161 corbibus
909 1103 1000 1160 isdem
1030 1115 1033 1120 Δ

235 1205 358 1263 AEmula
370 1206 486 1262 Picenis
500 1213 529 1262 ct
542 1205 638 1262 odoris
652 1204 731 1261 mala
744 1204 876 1274 recentis,

235 1302 299 1360 Neo
313 1303 466 1360 metuenda
480 1303 544 1376 tibi,
559 1303 699 1360 siccatum
712 1299 818 1376 frigore
831 1309 985 1376 postquam

153 1387 161 1400 ⁸
235 1391 423 1458 Autumnum
436 1407 466 1457 et
480 1398 562 1458 crudi
576 1416 697 1474 posuere
710 1397 841 1474 pericula
854 1397 941 1456 succi.
970 1416 978 1426 ·
1063 1457 1066 1464 Δ

236 1499 310 1556 Haec
323 1498 395 1555 olim
408 1498 498 1556 nostri
508 1497 572 1573 jam
586 1497 737 1572 luanuiosa
751 1497 877 1555 Senatus

236 1595 329 1654 Coena
342 1587 417 1654 fuit.¹
449 1597 566 1668 Curius,
581 1614 673 1671 parvo
687 1613 753 1669 quae
766 1594 876 1672 legerat
889 1594 982 1666 horto,

236 1693 301 1769 Ipse
315 1693 386 1752 focis
400 1695 534 1754 brevibus
547 1695 673 1769 ponebat
686 1694 826 1774 oluscula,
841 1711 907 1766 quac
920 1711 998 1751 nuuc
1022 1675 1028 1688 ¹

236 1791 390 1865 Squalidus
404 1791 435 1848 in
449 1809 556 1868 magna
568 1790 681 1854 fastidit
694 1791 832 1867 compede
845 1788 944 1850 fossor.

237 1888 314 1945 Sicci
327 1894 409 1962 terga
422 1888 489 1960 suis,
504 1905 573 1945 rara
585 1888 739 1963 pendentia
752 1895 841 1961 crate,

235 1984 330 2041 Moris
343 1990 407 2040 erat
420 1984 567 2057 quondam
581 1983 660 2042 festis
672 2002 787 2042 servare
800 1985 910 2058 diebus,

236 2082 277 2138 Et
291 2080 462 2138 natalicium
476 2081 607 2157 cognatis
619 2098 726 2155 ponere
738 2082 864 2154 lardum,

236 2179 400 2238 Accedente
414 2196 499 2250 nova,
515 2178 540 2236 si
554 2195 643 2251 quam
657 2178 745 2235 dabat
758 2177 865 2250 hostia,
880 2195 974 2237 carne.

237 2276 436 2354 cognatorum
450 2277 564 2352 aliquis,
576 2275 664 2333 titulo
677 2283 723 2333 ter
736 2276 870 2347 consulis,
883 2283 971 2349 atque

237 2375 407 2434 Castrorum
420 2375 550 2450 imperiis
564 2382 594 2431 ct
607 2374 756 2432 dictatoris
770 2374 880 2432 honore

149 2546 154 2552 Ι
236 2473 380 2546 Functus„
390 2470 429 2529 ad
441 2472 494 2530 has
508 2472 608 2547 ep'ulas
621 2472 707 2528 solito
721 2472 865 2529 maturius
880 2472 950 2545 ibat,

236 2569 375 2628 Erectum
389 2569 499 2627 domito
512 2568 638 2628 referens
651 2588 670 2626 a
682 2577 781 2628 monte
795 2570 929 2645 ligonem.

237 2667 336 2738 Quum
349 2675 503 2725 tremerent
516 2675 615 2724 autem
629 2667 737 2725 Fabios
750 2667 912 2740 durumque
923 2665 1065 2728 Catonem

236 2765 278 2822 Et
291 2765 413 2824 Scauros
427 2773 456 2822 ct
469 2764 628 2836 Fabricios,
643 2771 789 2840 postremo
802 2783 914 2822 severos

238 2860 371 2920 CensorIs
384 2881 479 2919 moros
492 2861 582 2919 etiam
596 2862 706 2938 collega
719 2861 853 2930 timeret3

237 2958 332 3016 Nemo
345 2960 422 3016 inter
436 2977 520 3016 curas
534 2966 563 3016 ct
576 2960 651 3017 seria
664 2960 750 3017 duxit
763 2960 937 3035 habendum,

238 3055 342 3127 Qualis
355 3056 387 3113 in
402 3056 511 3114 Oceani
524 3057 614 3114 fluctu
629 3058 745 3114 testudo
757 3065 880 3131 nataret,

239 3153 360 3212 Clarum
373 3151 546 3228 Trojugcnis
559 3152 673 3211 factura
687 3173 721 3213 ac
735 3155 831 3213 nobile
844 3153 985 3215 fulcrum:

239 3252 295 3309 Sed
309 3250 388 3309 nudo
401 3250 492 3308 latere
505 3258 534 3307 et
548 3251 646 3328 parvis
659 3250 738 3309 frons
751 3271 827 3310 aerca
839 3253 921 3312 lectis
989 3237 993 3251 ⁸

239 3349 307 3407 Vile
320 3349 449 3407 coronati
463 3357 552 3425 caput
566 3350 735 3408 ostendebat
749 3351 841 3424 aselli,

197 3483 200 3488 -
239 3446 290 3504 Ad
296 3447 379 3520 ,quod
392 3447 491 3512 lasciui
504 3446 644 3506 ludebant
657 3448 733 3505 ruris
749 3448 872 3507 alumni.

238 3527 330 3604 Tales
338 3561 406 3620 ergo
420 3544 486 3615 cibi,
499 3545 594 3617 qualis
608 3545 711 3603 domus
724 3553 812 3619 atque
825 3546 962 3620 supellex.

239 3639 323 3697 Tunc
335 3641 425 3712 rudis,
440 3649 470 3698 et
484 3640 591 3699 Graias
605 3642 704 3699 mirari
717 3644 831 3700 nescius
845 3651 930 3716 artes,

239 3736 369 3794 Urbibus
382 3737 496 3808 eversis,
511 3737 675 3812 predamm
689 3739 719 3795 in
733 3746 816 3812 parte
829 3747 945 3812 reperta
1139 3733 1198 3795 100

239 3832 416 3907 Magnorum
431 3834 574 3892 artificum
587 3833 738 3908 frangebat
751 3833 960 3911 poculamilea
