2672 4350
610 325 726 368 suumn
744 325 816 368 Vlll.

234 457 418 536 Segnipedes,
433 457 571 534 dignique
584 457 694 516 molam
707 475 822 516 versare
834 457 965 533 Nepotis.

233 559 314 634 Ergo
327 565 361 614 ut
374 556 513 612 miremur
525 563 564 626 te,
578 573 638 613 non
651 564 712 628 tua,
728 555 842 630 privum
857 554 969 628 aliquid
982 555 1029 627 da,

234 655 322 728 Quod
336 654 443 730 possim
456 653 550 710 titulis
564 652 698 724 incidere,
714 661 818 728 praeter
832 654 962 723 bonores,

235 753 317 825 Quos
331 751 390 808 illis
403 751 506 808 damus
519 757 548 806 et
562 749 701 822 dedimus,
717 751 823 824 quibus
835 750 933 814 omnia
946 750 1040 806 debes.
1154 745 1192 807 70

277 850 351 907 Haec
364 847 434 906 satis
447 847 486 904 ad
494 845 641 921 juvenem,
657 864 743 920 quem
757 847 840 904 nobis
854 845 933 904 fama
946 846 1103 921 superbum

235 945 342 1004 Tradit
354 953 383 1002 et
397 929 722 1019 inflatumplenumque
735 942 852 1002 Nerone
866 943 1043 1019 propinquo:

236 1045 334 1100 Rarus
346 1043 423 1098 enim
436 1039 526 1098 ferme
539 1057 639 1097 sensus
654 1040 818 1098 eommunis
831 1041 863 1098 iu
876 1039 929 1096 illa

237 1140 379 1197 Fortuna.
421 1137 478 1197 Sed
491 1144 522 1193 te
536 1136 644 1194 censeri
657 1137 743 1195 laude
757 1144 883 1209 tuorum,

237 1237 368 1308 Pontice,
383 1234 526 1293 noluerim
540 1234 590 1305 sic,
611 1241 645 1290 ut
657 1233 731 1291 nihil
745 1234 807 1308 ipse
820 1234 926 1293 futurae

238 1333 346 1390 Laudis
358 1349 436 1407 agae.
477 1330 621 1388 Miserum
635 1338 679 1387 est
692 1330 817 1388 aliorum
830 1332 993 1390 incumbere
1006 1328 1100 1404 samm,
1140 1371 1148 1388 .

238 1431 284 1489 Ne
298 1431 426 1506 collapsa
440 1437 529 1487 ruant
543 1429 693 1488 subductis
706 1438 785 1487 tecte
798 1431 944 1510 columnis.

238 1530 355 1591 Stratus
368 1527 451 1586 humi
465 1528 576 1604 palmes
589 1527 692 1586 viduae
706 1527 848 1586 desiderat
864 1529 965 1587 ulmos.
968 1549 1010 1598 rx

238 1628 292 1684 Est
280 1635 311 1684 ιο
328 1628 422 1684 bonus
434 1625 526 1724 milps,
544 1633 625 1683 tutor
638 1627 737 1698 bonus,
754 1627 863 1684 arbiter
874 1627 952 1684 idem

238 1725 374 1823 Integer,;
395 1725 539 1800 ambiguae
553 1743 578 1781 ιι
569 1699 710 1798 qudndo
723 1693 849 1784 citabere
862 1687 943 1784 tellis
1139 1723 1195 1784 080

238 1797 417 1896 Incertaeque
430 1822 482 1895 rei,
496 1822 633 1879 Phalaris
647 1822 736 1880 licet
727 1832 857 1898 imperet,
873 1832 905 1882 ιιι
918 1823 957 1882 sis

239 1920 353 1992 Falsus,
367 1928 397 1977 ιι
410 1920 527 1978 admoto
541 1919 631 1978 dictet
645 1917 773 1995 perjuria
786 1928 888 1978 tauro:

239 2017 392 2076 Summum
407 2017 489 2074 crede
502 2014 585 2074 nefas
599 2017 726 2074 animam
741 2015 873 2094 praeferre
886 2017 990 2094 pudori
1034 2029 1036 2034 ’

239 2112 280 2174 Ει
293 2121 411 2189 propter
424 2115 516 2170 vitam
530 2113 647 2170 vivendi
661 2113 779 2188 perdere
792 2132 902 2172 causas.

239 2211 353 2287 Dignus
366 2219 460 2268 morte
473 2211 557 2284 perit,
574 2218 670 2267 coenet
683 2209 751 2268 licet
764 2220 858 2268 ostrea
871 2219 986 2270 centum

241 2308 393 2379 Gaurana,
405 2317 434 2365 et
450 2307 548 2369 Cosmi
562 2315 626 2364 toto
640 2316 789 2382 mergatur
802 2309 903 2367 alieno.

240 2405 418 2480 Exspectata
430 2406 481 2462 diu
496 2405 614 2462 tandem
628 2407 780 2481 provincia
793 2425 882 2481 quum
898 2415 927 2466 te

240 2504 393 2561 Rectorem
407 2503 538 2578 accipiet,
552 2520 627 2578 pone
641 2502 693 2560 irae
706 2503 796 2562 fraeua
810 2506 992 2580 modumque,

239 2602 321 2658 Pone
334 2608 364 2656 et
377 2599 526 2658 avaritie:
549 2600 684 2656 miserere
697 2602 818 2675 inopum
833 2603 992 2662 sociorum:

241 2699 317 2759 ossa
330 2699 411 2756 vides
424 2715 526 2774 regum
539 2699 639 2756 vacuis
651 2707 770 2756 exsucta
782 2700 928 2760 medullis.
1156 2703 1196 2761 90
1269 2711 1273 2720 ’

240 2797 373 2871 Respice,
388 2797 460 2869 quid
473 2802 613 2852 moneant
626 2791 712 2870 leges,
727 2797 798 2869 quid
811 2797 892 2854 curia
905 2798 1033 2871 mandet,

240 2895 368 2951 Praemia
381 2901 491 2967 quauta
504 2893 595 2952 bonos
608 2899 755 2964 maneant,
771 2911 860 2967 quam
874 2891 994 2952 fulmine
1004 2894 1084 2970 justo

241 2989 281 3047 Et
295 2989 402 3065 Capito
415 2998 445 3046 et
457 2989 597 3047 Numitor
609 2988 729 3057 ruerint,
743 2988 902 3046 damnante
916 2989 1033 3062 Senatu,

204 3071 210 3080 ⁶
240 3089 349 3147 Piratae
364 3087 500 3148 Cilicum·
543 3087 601 3148 Sed
614 3086 686 3160 quid
700 3086 849 3144 damuatio
862 3083 980 3158 confort,

241 3187 340 3258 Quum
354 3187 453 3242 Pansa
466 3184 581 3260 eripiat,
596 3182 804 3258 quidquidtibi
818 3181 912 3242 Natta
924 3182 1064 3258 reliquit?

240 3285 416 3354 Praeeonem,
430 3281 591 3357 Chmrippe,
607 3279 666 3336 tuis
680 3279 867 3355 circumspice
879 3281 992 3355 pannis,

209 3369 214 3378 ’
240 3380 366 3454 Jamque
379 3386 460 3437 tace:
480 3376 561 3436 furor
573 3383 616 3434 est
612 3384 696 3456 post
709 3377 808 3435 omnia
820 3377 938 3452 perdere
951 3379 1080 3438 naulum.

240 3475 309 3534 Non
317 3471 399 3534 idem
413 3476 537 3552 gemitus
550 3475 631 3566 olim)
646 3493 740 3548 neque
754 3475 859 3532 vulnus
872 3483 934 3532 erat
948 3495 1002 3552 par

230 3551 534 3666 (Damnorum,)sociis
546 3571 713 3629 florentibus
727 3572 855 3630 etmodo
868 3573 959 3630 victis

239 3669 333 3728 Plena
346 3670 448 3728 domus
461 3675 533 3742 tunc
546 3668 648 3738 omnis,
664 3677 694 3726 ιι
706 3668 807 3744 iugens
821 3670 919 3726 stabat
932 3686 1052 3726 aoervus
1139 3667 1196 3721 100
1293 3701 1296 3746 ,

240 3765 444 3836 Nummorum,
456 3765 602 3840 Spartana
615 3763 753 3840 chlamys,
768 3764 918 3838 conchylia
932 3761 1003 3834 Coa,
