2708 4354
559 393 562 399 '
617 415 733 460 surius
755 417 799 461 vr.

593 803 751 864 SATIRA
770 805 827 866 vi.

231 937 382 997 Anmovrr
389 933 455 1011 jam
467 935 574 994 bruma
586 933 651 996 ioco
664 943 703 1009 te,
712 937 813 1010 Basse,
825 935 955 996 Sabino?

230 1037 252 1094 J
252 1053 337 1092 amne
349 1033 415 1110 lyra
426 1039 458 1090 et
470 1033 574 1090 tetrico
586 1033 691 1091 vivunt
703 1032 759 1090 tibi
772 1033 888 1109 pectino
901 1033 1037 1093 chordae?

231 1132 308 1188 Mire
321 1127 429 1207 opifex,
441 1129 573 1188 numeris
585 1137 726 1202 veterum,
742 1129 901 1206 primordia
914 1149 1013 1189 rorum

231 1227 333 1302 Atque
345 1243 456 1284 marem
469 1226 621 1303 strepitum
634 1227 700 1283 fidis
713 1215 872 1285 intendisse
884 1227 1007 1301 Latinae,

231 1325 305 1382 Mox
314 1321 437 1398 juvenes
450 1323 562 1399 agitare
570 1319 647 1396 jocis
663 1329 694 1380 et
706 1322 812 1398 pollice
825 1325 945 1382 honesto

231 1421 374 1499 Egregius
386 1421 489 1479 lusisse
502 1437 594 1478 senes.
635 1420 714 1478 Mihi
727 1438 805 1478 nunc
817 1419 910 1497 Ligus
922 1436 974 1478 ora

232 1520 356 1597 Intcpet,
372 1519 565 1594 hibernatque
577 1535 677 1576 meum
689 1537 779 1591 mare,
795 1536 855 1592 qua
867 1517 946 1576 latus
958 1517 1058 1596 ingens

126 1661 128 1665 -
232 1618 315 1676 Dant
327 1617 448 1694 scopuli,
463 1624 493 1674 et
506 1615 604 1675 multa
616 1617 687 1674 litus
699 1633 729 1674 se
742 1615 820 1675 valle
832 1621 969 1691 receptat.
986 1655 993 1670 .

134 1744 139 1756 ·
233 1715 444 1790 Droaipmom
457 1721 494 1773 cst
506 1731 594 1790 opera
606 1731 768 1789 cognoscere,
783 1715 872 1772 door!
879 1715 882 1720 '

234 1810 294 1871 Cor
302 1811 386 1886 jubet
399 1811 456 1869 hoc
468 1810 558 1882 Enni,
573 1816 730 1887 postquam
744 1809 970 1869 destertuitesse
1153 1809 1192 1869 10

233 1909 391 1967 Maeonides
405 1907 542 1980 Quintus,
557 1923 671 1984 pavone
683 1921 722 1964 ex
733 1907 927 1984 Pythagoreo.

234 2006 295 2064 Hic
307 2023 360 2082 ego
373 2021 491 2063 securus
503 2004 585 2080 vulgi
600 2012 630 2062 ct
643 2005 714 2079 quid
727 2011 870 2080 praeparet
883 1988 997 2063 Auster
1075 2011 1078 2018 “

234 2100 343 2160 Infelix
356 2101 461 2177 pecori,
475 2090 594 2160 securus
607 2107 639 2158 et
652 2101 777 2178 angulus
791 2100 841 2158 illo

234 2199 334 2256 Vicini
346 2206 446 2257 nostro
459 2199 528 2274 quia
541 2195 697 2275 pinguior3
718 2198 774 2256 etsi
788 2196 860 2256 adeo
874 2213 974 2256 omnes

235 2294 387 2354 Ditesoant
400 2294 458 2354 orti
470 2295 624 2371 pejoribus,
640 2313 733 2370 usque
745 2311 875 2354 recusem

236 2393 351 2452 Curvus
364 2395 402 2452 ob
414 2393 446 2451 id
457 2393 552 2452 minui
565 2394 654 2466 senio,
670 2401 723 2452 aut
737 2407 852 2452 coenare
865 2391 927 2451 sine
940 2399 1037 2465 uncto,

235 2489 277 2547 Et
290 2491 402 2566 signum
415 2489 448 2548 in
460 2489 570 2568 vapida
583 2509 654 2550 naso
667 2492 798 2567 tetigisse
810 2491 922 2566 lagena
945 2511 954 2534 ‹

235 2586 387 2663 Discrepet
399 2587 468 2648 hinc
480 2587 564 2646 alius.
607 2587 758 2662 Geminos,
772 2588 937 2663 horoscope,
953 2605 1025 2646 varo

235 2683 377 2743 Produois
391 2684 502 2744 Genio:
524 2685 594 2745 solis
606 2685 756 2745 natalibus
769 2691 812 2744 est
825 2685 876 2759 qui

236 2780 346 2856 Tingat
359 2781 424 2839 olus
437 2782 546 2842 siecum
559 2783 655 2842 muria
667 2781 750 2842 vafer
761 2783 794 2840 in
809 2781 898 2840 calice
912 2789 1019 2858 empta,
1154 2783 1193 2842 20

236 2876 304 2953 Ipse
317 2894 432 2936 sacrum
445 2876 571 2940 irrorans
582 2881 691 2958 patinae
704 2881 803 2958 piper,
824 2879 874 2939 hic
885 2881 962 2939 bona
976 2879 1061 2938 dente
1099 2895 1100 2900 ’

238 2974 371 3034 Grandia
382 2977 584 3052 magnanimus
596 2980 711 3057 peragit
724 2995 807 3056 puer.
847 2977 926 3036 Utar
939 2994 1000 3053 ego,
1018 2985 1095 3050 utar,

236 3070 302 3129 Nec
313 3071 449 3130 rhombos
462 3072 528 3132 ideo
539 3074 651 3135 libertis
663 3093 770 3153 ponere
783 3075 893 3146 lautus,

236 3168 301 3228 Nec
313 3176 430 3228 tenuem
443 3170 543 3230 sollers
554 3173 707 3233 turdarum
719 3192 803 3234 nosse
816 3173 947 3233 salivam.

238 3263 335 3325 Messe
347 3275 433 3326 tenus
445 3271 564 3348 propria
576 3272 653 3346 vive,
666 3281 697 3332 et
709 3273 858 3350 granams,
872 3269 917 3330 fas
931 3277 983 3341 est,

237 3364 357 3424 Emole:
379 3366 450 3441 quid
462 3369 597 3426 metuas?
618 3387 696 3442 occa,
711 3377 742 3428 et
754 3387 834 3446 seges
847 3368 941 3426 altera
954 3367 985 3424 in
998 3365 1088 3426 herba
1101 3374 1154 3426 est.

213 3497 216 3502 -
237 3460 297 3520 Ast
308 3470 395 3521 vocat
407 3463 553 3533 officium
574 3467 656 3525 trabe
669 3473 767 3543 rupta,
779 3465 900 3524 Bruttio
912 3483 985 3523 saxa

238 3560 359 3618 Prendit
372 3563 482 3620 amicus
497 3563 590 3638 inops,
603 3579 723 3636 remque
735 3580 853 3621 omnem
866 3560 1010 3636 surdaque
1022 3568 1093 3621 vota
1133 3639 1136 3646 Ι

240 3655 377 3716 Condidit
388 3658 489 3718 lonio:
505 3658 587 3733 jacet
599 3660 661 3734 ipse
673 3660 705 3716 in
718 3653 804 3718 litore
818 3665 848 3717 et
862 3677 922 3717 una

130 3797 135 3806 .
240 3753 376 3830 Ingentes
389 3755 425 3813 de
437 3773 535 3832 puppe
547 3756 615 3828 Dei,
625 3756 746 3834 jamque
760 3757 846 3815 obvia
859 3757 965 3830 mergis
1156 3751 1197 3809 30

241 3849 333 3909 Costa
344 3850 417 3910 ratis
430 3851 542 3911 lacerae.
584 3852 674 3910 Nunc
687 3859 717 3910 et
730 3851 766 3910 de
780 3851 887 3926 cespite
899 3851 968 3908 vivo
