2672 4350
358 305 410 326 ,χλ

183 357 224 412 50
352 339 400 407 ga*
493 369 830 412 nruurrsuvunsnrs

333 420 372 489 rs

182 505 326 561 Destinat.
369 502 506 578 Optimus
519 501 567 558 hie
580 509 610 558 et
623 499 847 560 formosissimus
860 503 938 560 idem

183 601 288 660 Gentis
301 600 430 675 patriciae
443 599 558 674 rapitur
570 600 657 656 miser
670 601 897 680 exstinguendus

182 697 347 755 Messalinae
361 696 466 753 oculis:
491 695 602 752 dudum
615 697 695 753 sedet
708 695 761 778 illa
796 704 878 754 arato

183 793 371 863 Flammeolo‚
386 792 550 867 Tyriusque
563 715 840 868 ,mmffldllqn
854 794 946 852 hortis

183 891 335 962 Sternitur,
351 898 381 946 et
394 889 453 946 ritu
467 890 560 947 decies
574 897 696 948 centena
710 890 856 948 dabuntur
1079 892 1138 952 310

182 989 329 1062 Antiquo:
352 989 449 1045 veniet
464 1003 530 1045 eum
544 987 737 1063 signatoribus
751 1007 870 1065 auspex.
1201 973 1202 976 Ἴ

182 1087 257 1144 Haec
270 1094 303 1143 tu
317 1093 428 1144 secreta
441 1093 471 1142 et
483 1085 583 1160 paucis
596 1087 751 1144 commissa
764 1087 910 1161 putabas?
979 1127 982 1132 ·

145 1213 150 1217 ·
181 1183 320 1256 Nonnisi
334 1183 462 1260 legitime
475 1182 541 1250 vult
555 1185 672 1288 npbere.
706 1184 796 1256 ⁴Quid
809 1184 933 1259 placeat,
947 1183 1008 1243 dic:

181 1249 337 1357 Nilldibre
351 1281 429 1353 velis,
445 1230 624 1358 pdfe‘r'uldum
638 1282 694 1338 erit
708 1289 776 1340 ante
790 1282 937 1340 lucernas:

183 1378 215 1437 Si
230 1378 323 1435 scelus
335 1378 480 1450 admittas,
495 1378 613 1437 dabitur
626 1397 708 1436 mora
721 1379 851 1454 parvula,
866 1379 935 1434 dum
948 1397 995 1436 res

182 1469 264 1536 Nota
277 1475 342 1532 urbi
357 1483 386 1532 et
400 1475 507 1550 populo
521 1465 672 1550 contingat
685 1475 823 1550 principis
837 1493 929 1532 aures.

183 1571 316 1628 Dedecus
329 1571 379 1628 ille
392 1571 495 1628 domus
508 1572 578 1628 sciet
592 1571 729 1628 ultimus:
751 1571 863 1627 interea
871 1577 909 1627 tu

184 1667 348 1741 Obsequere
362 1667 483 1742 imperio
492 1660 560 1734 :rsit
573 1665 649 1724 tanti
663 1667 727 1724 vita
740 1667 851 1724 dierum

179 1753 358 1822 Paucorum.
401 1763 550 1837 Quidquid
564 1763 666 1821 melius
679 1761 830 1836 leviusque
841 1764 963 1838 putaris,

182 1863 342 1920 Praebenda
355 1869 398 1919 est
410 1861 508 1937 gladio
522 1861 624 1937 pulcra
636 1861 700 1920 haec
712 1869 743 1918 et
755 1861 880 1919 candida
892 1861 1000 1920 cervix.
1079 1862 1139 1922 320

225 1959 304 2018 “Nil
317 1976 383 2036 ergo
397 1961 541 2034 optabunt
554 1959 686 2016 homines
694 1960 726 2016 l’'
772 1959 805 2018 Si
817 1957 972 2024 ¹consilium
984 1959 1039 2032 vis,

183 2052 338 2114 Permittes
351 2056 421 2132 ipsis
434 2056 594 2131 expendere
607 2057 786 2129 numinibus,
798 2057 868 2131 quid

184 2155 346 2214 Conveniat
360 2146 455 2225 nobis,
466 2156 608 2227 rebusque
621 2153 662 2212 sit
675 2155 748 2212 utile
761 2156 875 2213 nostris.

183 2252 262 2310 Nam
274 2271 327 2328 pro
336 2251 475 2326 jucundis
487 2251 638 2327 aptissima
652 2271 776 2327 quaeque
789 2239 899 2310 dabunt
912 2253 962 2312 Di.

184 2349 288 2408 Carior
301 2357 345 2406 est
358 2349 415 2406 illis
428 2350 523 2420 homo,
540 2366 628 2421 quam
641 2349 705 2405 sibi.
740 2349 821 2422 iNos,
835 2351 999 2409 animorum

183 2447 316 2522 Impulsu
329 2453 360 2503 et
373 2463 450 2504 eaeea
463 2463 627 2520 magnaque
641 2446 774 2521 cupidine
787 2448 877 2520 ducti,

184 2543 360 2620 Gonjugium
373 2543 497 2618 petimus
510 2549 684 2616 partumque
699 2544 813 2600 uxoris:
837 2553 868 2600 at
881 2544 939 2602 illis
984 2579 987 2584 -

182 2639 303 2711 Notum,
318 2639 368 2712 qui
381 2639 463 2713 pueri
476 2639 626 2711 qualisque
639 2638 740 2695 futura
753 2640 793 2696 sit
806 2658 888 2697 uxor.

183 2739 227 2794 Ut
241 2745 339 2794 tamen
352 2744 382 2793 et
395 2753 496 2810 poscas
510 2736 630 2808 aliquid,
642 2753 803 2812 voveasque
817 2739 930 2796 sacellis

183 2831 271 2913 Erta,
283 2841 312 2888 et
325 2831 472 2920 pandiduli
486 2832 585 2888 divina
599 2834 746 2891 tomacula
758 2835 855 2909 porci:
1078 2819 1132 2896 33(
1219 2823 1222 2828 ‚

50 2962 52 2971 ,
72 2954 75 2960 -
103 2943 108 2958 ·
130 2931 172 3006 “⁴¹5
184 2906 403 3016 Orandrlll'esb
418 2936 453 2985 ut
467 2930 504 2986 sit
517 2947 599 2986 mens
613 2947 684 2987 sana
697 2931 727 2987 in
742 2949 861 3008 corpore
875 2949 955 2990 sano.

183 3029 301 3086 Fortem
314 3045 399 3104 posce
413 3027 553 3100 animum,
569 3027 671 3084 mortis
685 3035 795 3095 terrore
809 3037 963 3100 carentem,
1046 3065 1047 3070 κ
1143 3073 1151 3090 .

184 3126 243 3197 Qui
257 3126 385 3202 spatium
397 3125 466 3183 vitae
480 3132 642 3182 extremum
656 3125 732 3182 inter
744 3144 867 3184 munera
878 3133 968 3201 ponat

183 3223 314 3294 Naturae,
330 3223 382 3296 qui
396 3221 470 3278 ferre
484 3229 571 3296 queat
585 3239 772 3296 quoscunque
785 3223 905 3294 labores,
949 3267 959 3276 .

183 3319 302 3376 Nesciat
315 3319 408 3390 irasci,
425 3318 524 3392 cupiat
535 3319 620 3388 nihil,
636 3326 666 3374 et
679 3320 804 3394 potiores

183 3415 320 3472 Herculis
334 3433 477 3473 aerumnas
491 3414 589 3472 eadat
603 3433 749 3490 saevosque
762 3416 874 3474 labores

183 3515 224 3572 Et
233 3513 346 3571 Venere
359 3521 389 3570 et
402 3513 493 3572 coenis
506 3520 535 3570 et
547 3512 648 3588 pluma
662 3513 862 3588 Sardanapali.

182 3611 316 3668 Monstro
330 3610 408 3683 quod
419 3609 482 3684 ipse
496 3609 550 3666 tibi
563 3609 653 3684 pessis
665 3607 750 3666 dare:
774 3611 878 3667 semita
891 3617 967 3669 certe

183 3707 360 3780 Tranquillas
374 3723 426 3780 per
438 3706 577 3762 virtutem
591 3712 672 3780 patet
685 3705 773 3762 unica
785 3707 863 3764 vita

86 3808 88 3812 '
183 3803 308 3860 Nullum
321 3820 428 3858 numen
441 3802 538 3872 habes,
553 3801 577 3857 si
592 3802 631 3858 sit
643 3801 814 3876 prudentia:
837 3820 890 3861 nos
905 3811 943 3874 te,
1075 3805 1134 3864 340

184 3897 246 3952 Nos
260 3896 389 3967 facimus,
403 3897 544 3966 Fortuna,
559 3896 655 3954 Deam
669 3898 800 3972 coeloque
813 3898 950 3956 locamus.
