2672 4350
599 399 715 443 surm
736 399 803 444 XVI.

221 531 379 607 Majorum.
423 531 521 591 Citius
534 532 641 591 falsum
653 533 812 609 producere
825 539 930 590 testem

223 629 336 690 Contra
347 646 495 706 paganum
507 629 607 705 possis,
623 646 713 703 quem
725 646 795 688 vere
808 627 974 702 loquentem

224 730 336 789 Contra
348 726 498 786 fortunam
510 726 617 785 armati
630 734 788 800 contraque
801 725 949 801 pudorem.

264 823 391 882 Praemia
403 842 483 882 nune
495 822 555 882 alie
568 829 658 896 utque
671 823 730 881 alia
744 822 939 880 emolumenta
950 827 1084 882 notemus

225 923 487 982 Sacramentomm.
504 983 506 988 ,
530 919 701 979 convallem
715 918 790 977 ruris
803 919 876 977 aviti

224 1018 380 1094 Improbue
393 1025 446 1076 aut
459 1036 595 1093 eampum
608 1015 682 1074 mihi
696 1016 721 1074 ei
734 1016 848 1075 vicinus
860 1015 971 1076 ademit

225 1116 267 1174 Et
279 1133 394 1174 suerum
407 1114 508 1173 effodit
520 1113 617 1172 medio
631 1113 668 1171 de
681 1113 775 1172 limite
790 1132 904 1188 nexum,

226 1211 315 1284 Quod
328 1230 392 1270 mee
405 1230 472 1270 eum
485 1211 588 1286 patulo
603 1210 695 1268 coluit
707 1211 774 1287 puls
789 1227 886 1269 annua
899 1211 977 1280 lib03

226 1308 349 1369 Debitor
363 1315 415 1366 aut
428 1317 538 1366 sumtus
553 1307 648 1383 pergit
661 1323 722 1364 non
734 1305 853 1364 reddere
864 1323 1009 1382 nummos,
1143 1305 1185 1367 40

226 1405 313 1462 Vana
326 1403 495 1480 supervacui
510 1404 608 1461 dicens
621 1403 816 1480 chirographa
828 1403 918 1480 ligni:

226 1501 447 1578 Exspectandus
459 1501 525 1574 erit,
539 1500 590 1574 qui
602 1500 809 1573 lites'inehoet,
826 1518 918 1559 annus

180 1633 181 1638 κ
227 1598 331 1678 Totius
345 1591 463 1674 pepuli:
485 1597 535 1656 sed
548 1605 619 1656 tune
632 1615 748 1672 queque
762 1598 842 1655 mille
854 1595 972 1656 ferenda

134 1723 136 1728 ·
226 1695 337 1768 Taedia,
352 1695 433 1753 mille
445 1712 534 1752 morae
542 1715 552 1762 ;
573 1694 662 1752 toties
674 1695 812 1753 subsellia
826 1701 940 1752 tuntum

227 1793 422 1858 Sternunturt
444 1799 509 1850 tum
522 1789 648 1852 seeundo
662 1800 789 1870 ponente
802 1791 932 1850 lacernas
970 1821 979 1838 ·

229 1888 364 1962 Oaedieio,
379 1895 409 1946 et
421 1887 516 1947 Fusco
525 1886 589 1962 jem
603 1887 797 1962 micturiente,
810 1888 906 1964 parati

227 1985 429 2063 Digredimur:
451 1986 587 2060 lenteque
600 1983 657 2042 fori
671 2003 836 2062 pugnemus
848 2005 944 2046 arene.

228 2083 288 2141 Ast
301 2082 369 2155 illis,
384 2100 456 2158 quos
469 2101 551 2141 arma
563 2090 668 2160 tegunt
681 2090 711 2141 et
725 2083 838 2142 balteus
853 2084 953 2158 ambit,

205 2179 316 2253 ,Quod
329 2180 470 2257 placitum
484 2187 528 2238 est
539 2179 618 2256 ipsis,
632 2187 787 2256 prestatur
800 2187 915 2257 tempus
928 2181 1040 2258 egendi,
1155 2196 1157 2200 ·
1277 2151 1278 2154 ¹

228 2277 293 2336 Nee
305 2294 352 2335 res
364 2279 499 2335 atteritur
512 2276 600 2354 lengo
613 2277 778 2336 sufflamine
793 2277 863 2336 litis.
1146 2281 1187 2342 50

270 2373 346 2432 Solis
358 2381 497 2450 praeterea
510 2375 635 2432 testandi
649 2374 794 2434 militibus
803 2373 853 2449 jus

229 2470 308 2530 Vivo
321 2479 404 2548 patre
417 2473 517 2530 detur:
540 2489 618 2544 nem,
635 2489 700 2546 quae
716 2479 785 2530 sunt
798 2479 885 2548 purte
897 2471 996 2531 labore

229 2569 363 2642 Militiae„
370 2570 480 2646 placuit
493 2589 552 2629 non
565 2589 625 2629 esse
633 2571 669 2628 ¹iu
684 2590 802 2648 corpore
817 2589 926 2646 census,

231 2667 326 2728 Omne
339 2675 419 2726 tenet
432 2667 513 2742 eujus
527 2669 655 2744 regimen
668 2675 760 2746 pater.
805 2668 885 2746 Ergo
899 2668 1045 2729 Coranum

231 2766 387 2844 signorum
400 2767 544 2840 uomitum,
560 2776 777 2843 castrorumque
790 2786 848 2825 aere
861 2776 1028 2841 merentem,

231 2865 372 2938 Quamvis
381 2863 447 2940 jem
460 2866 610 2939 tremulus,
626 2874 726 2942 eaptut
738 2874 830 2943 peter.
871 2866 962 2926 Hune
974 2866 1057 2924 favor
1069 2881 1168 2942 eequus

230 2963 379 3037 Provehit,
394 2971 424 3021 et
436 2963 538 3041 pulcro
551 2963 645 3022 reddit
658 2981 712 3021 sue
726 2964 802 3022 dona
813 2963 917 3038 labori,

232 3058 329 3134 Ipsius
344 3067 420 3118 eerte
433 3059 514 3118 ducis
528 3061 584 3117 hoe
596 3055 703 3118 referre
715 3059 839 3130 videtur,

232 3157 285 3229 Ut,
300 3155 351 3231 qui
363 3154 446 3214 fortis
460 3156 524 3228 erit,
539 3156 579 3212 sit
592 3155 771 3214 felicissimus
784 3156 870 3226 idem,

232 3253 278 3312 Ut
290 3252 350 3311 laeti
363 3252 490 3332 phaleris
502 3271 603 3312 omues
615 3259 645 3310 et
657 3253 809 3328 torquibus
821 3268 930 3313 omnes.
1147 3257 1186 3315 60
