2702 4354
181 415 222 476 64
489 431 520 473 n.
539 429 628 472 sunu
651 428 828 472 sursulus

179 564 221 623 Et
233 563 365 621 Phthisis
379 571 408 620 et
421 563 541 620 vomicae
554 568 653 638 putres
666 569 695 619 et
709 561 861 619 dimidium
875 580 941 620 erus

180 661 257 720 Sunt
270 661 368 719 tanti?
408 662 527 735 Pauper
538 658 713 734 locupletem
728 665 829 733 optare
841 659 1000 736 podagram

179 757 243 816 Nec
255 758 368 816 dubitet
380 757 483 829 Iadas,
499 757 525 813 si
538 774 596 815 non
610 764 674 834 eget
688 755 834 832 Anticyra
846 773 900 815 neo

179 855 352 931 Archigene.
394 855 476 926 Quid
489 834 566 911 enim
579 853 685 912 velocis
697 853 790 930 gloria
803 854 910 929 plantae

179 955 313 1025 Praestat,
328 959 359 1010 et
371 953 501 1010 esuriens
514 954 617 1010 Pisaeae
630 971 729 1010 ramus
747 953 851 1010 olivae?

179 1052 223 1110 Ut
236 1051 275 1108 sit
287 1065 402 1136 mpgna,
416 1058 515 1108 tamen
530 1059 606 1108 certe
620 1048 703 1108 lenta
715 1050 761 1108 ira
774 1050 906 1110 Deorum
919 1059 971 1112 eet.
1077 1053 1133 1113 100

179 1149 212 1206 Si
225 1155 328 1206 curant
341 1149 432 1226 igitur
445 1155 564 1206 cunctos
576 1147 679 1224 punire
692 1156 835 1222 nocentes,

180 1245 303 1318 Quando
316 1245 354 1304 ad
367 1264 414 1304 mo
426 1246 565 1304 venient-l
586 1245 636 1312 sed
649 1253 679 1303 et
692 1247 838 1305 exorabile
851 1265 959 1304 numen

179 1343 316 1401 Fortasse
328 1343 478 1420 experiar:
501 1342 576 1400 solet
588 1342 635 1400 his
648 1343 803 1418 ignoscere.
844 1344 934 1404 Multi

180 1439 377 1500 Committunt
389 1441 490 1499 eadem
504 1441 618 1499 diverso
632 1440 754 1498 crimina
766 1439 844 1499 fatos

179 1536 235 1594 Ille
249 1555 364 1596 crucem
376 1539 490 1596 sceleris
504 1538 630 1613 pretium
644 1536 721 1610 tulit,
736 1537 785 1595 hio
797 1537 960 1598 diadema.”

179 1634 230 1694 Sic
243 1635 372 1693 animum
386 1635 456 1693 dirae
469 1635 614 1711 trepidum
628 1632 779 1710 formidine
794 1635 887 1711 culpae

179 1730 369 1794 Confirmant.
410 1733 494 1789 Tunc
506 1739 537 1787 te
549 1747 633 1788 sacra
646 1731 684 1788 ad
697 1726 817 1789 delubra'
829 1741 982 1793 vocantem

178 1829 329 1901 Praeeedit,
342 1829 458 1885 trahere
471 1827 561 1884 immo
576 1827 654 1885 ultro
669 1845 703 1887 ac
717 1846 824 1886 rexere
838 1839 966 1905 paratus.

177 1925 258 1984 Nam
270 1943 361 1999 quum
373 1943 482 2000 magna
494 1925 580 1984 malae
594 1934 724 2000 superest
736 1928 860 1986 audacia
872 1944 974 2003 causae,

178 2022 315 2082 Creditur
328 2041 347 2081 a
360 2024 460 2081 multis
472 2021 587 2082 fiducia
629 2022 756 2081 Mimum
769 2025 831 2100 agit
843 2025 903 2100 ille,
1076 2029 1134 2088 110

178 2121 291 2180 Urbani
304 2121 420 2196 qualem
433 2117 574 2198 fugitivus
586 2137 687 2179 scarrra
700 2120 827 2182 Catulli:

177 2219 225 2276 Tu
239 2209 326 2277 miser
340 2218 495 2292 exclamas,
510 2227 544 2276 ut
558 2217 696 2278 Stentora
709 2219 823 2278 vincere
836 2221 938 2296 poesie,

177 2317 234 2374 Vel
248 2317 353 2394 pot-ius,
369 2324 512 2391 quantum
527 2315 676 2375 Gradivus
689 2317 881 2392 Homerique:
905 2323 923 2353 “
930 2317 1035 2391 Audis,

177 2415 302 2491 Jupiter,
317 2415 386 2486 hae,
401 2431 455 2470 nec
467 2413 551 2471 labra
564 2431 671 2485 moves,
688 2430 779 2487 quum
792 2415 906 2471 mittere
919 2431 1019 2474 vocem

178 2511 327 2569 Debueras
341 2509 386 2567 vel
398 2526 579 2567 marmoreus
592 2509 640 2567 vel
653 2511 801 2567 aheneusl
821 2518 874 2568 aut
887 2527 939 2570 cerr

178 2609 214 2666 In
227 2609 351 2666 carbone
363 2615 416 2664 tuo
430 2607 534 2665 charta
546 2608 598 2684 pia
612 2609 700 2666 thura
713 2608 810 2666 soluta

53 2719 56 2724 ·
177 2707 327 2778 Ponimus,
344 2711 373 2762 et
387 2711 499 2762 sectum
512 2705 598 2762 vituli
607 2705 695 2780 jecur
704 2705 828 2780 albaque
842 2707 922 2782 porci

178 2803 324 2862 Omeuta?
365 2803 410 2860 Ut
423 2802 516 2874 video,
532 2803 645 2861 nullum
658 2801 816 2862 discrimen
828 2803 994 2864 habendum
1009 2812 1054 2863 eet

177 2901 293 2976 Effigies
306 2901 384 2958 inter
396 2906 509 2958 vestras
522 2906 709 2974 statuamque
721 2901 868 2983 Vagelli.”

217 2999 327 3075 Accipe
341 3016 406 3073 quas
420 3005 522 3056 contra
534 2999 632 3056 valeat
644 2997 749 3056 solatia
761 2997 843 3070 sene,
1075 2999 1133 3056 120

177 3097 218 3156 Et
231 3098 283 3172 qui
295 3116 349 3154 nec
363 3096 498 3174 Cynicos,
514 3114 569 3154 nec
582 3096 683 3155 Stoica
694 3096 833 3172 dogmata
844 3095 916 3172 legit
959 3141 962 3146 .

177 3195 208 3250 A
223 3194 340 3269 Cynicis
354 3194 454 3254 tunica
467 3193 616 3266 distantia,
630 3209 689 3250 non
702 3193 865 3268 Epicurum

178 3291 305 3366 Suspicit
318 3291 416 3366 exigui
430 3291 532 3348 lretum
545 3288 728 3367 plantaribus
739 3291 826 3349 horti.

178 3387 325 3446 curentur
337 3388 418 3446 dubii
431 3389 553 3448 medicis
564 3387 723 3462 majoribus
736 3389 822 3464 aegri:

176 3486 223 3543 Tu
237 3502 341 3543 venam
355 3485 402 3543 vel
415 3485 555 3563 discipulo
569 3485 719 3544 committe
732 3482 871 3562 Philippi.

177 3583 209 3642 Si
223 3581 337 3640 nullum
349 3582 479 3656 interris
492 3591 553 3642 tam
566 3583 734 3642 detestabile
747 3580 857 3642 iactum

178 3679 322 3753 Ostendis,
337 3687 437 3748 taeeo;
458 3699 513 3740 neo
525 3680 629 3757 pugnis
643 3680 751 3738 caedere
764 3689 865 3756 pectus

176 3779 219 3835 Te
231 3787 306 3850 veto,
322 3797 376 3837 neo
389 3781 478 3854 plana
491 3778 595 3837 faciem
609 3779 786 3836 contundere
799 3780 905 3854 palma,

177 3875 418 3950 Quandoquidem
432 3884 550 3952 aeoepto
564 3875 725 3934 claudenda
737 3885 780 3934 est
789 3877 883 3950 janua
895 3877 1010 3937 damno.
1026 3889 1052 3978 p
