2654 4348
571 367 688 410 serlus
710 367 742 407 X.

122 493 125 500 ’
179 501 259 560 Hinc
271 518 374 559 causas
387 501 522 560 habuere.
566 499 647 572 Quid
660 499 714 557 illo
728 499 791 557 cive
804 498 918 556 tulisset

177 598 294 657 Natura
307 598 338 654 in
352 598 445 670 terris,
462 597 533 672 qnid
546 597 643 654 Roma
656 596 770 654 beatim
783 613 922 670 unquam,

178 697 434 770 Si„circumducto
448 696 632 770 captivorum
645 695 759 771 agmine
773 702 802 750 ct
816 693 896 751 omni

177 794 325 851 Bellorum
339 811 455 868 pompa,
470 792 599 850 animam
612 792 776 850 exhalasset
789 790 925 867 opimam,

178 893 278 964 Quum
291 891 327 948 de
340 889 503 947 Teutonico
515 889 604 947 vellet
617 888 787 947 descendere
800 888 908 946 currui

176 986 307 1045 Provida
319 987 461 1062 Pompeio
474 984 594 1044 dederat
606 984 771 1062 Campania
783 982 876 1043 febres

177 1084 347 1160 Optandas:
369 1083 419 1140 sed
431 1082 533 1140 multra
546 1082 632 1140 urbes
645 1089 675 1140 et
688 1083 805 1159 publiea
816 1090 888 1141 vota

178 1181 333 1238 Viderunt.
373 1178 472 1256 Igitur
485 1179 620 1238 Fortuna
634 1178 726 1254 ipsius
740 1187 770 1236 et
783 1179 862 1236 urbis

179 1280 334 1338 Servatum
347 1277 425 1336 victo
439 1284 527 1352 caput
541 1275 670 1334 abstulit
714 1275 782 1333 Hoc
795 1275 926 1334 cruciatu
1077 1275 1136 1334 280

178 1375 328 1448 Lentulus,
342 1376 398 1433 hac
411 1391 500 1450 poena
514 1374 611 1432 caruit
623 1371 784 1446 deciditque
798 1371 943 1447 Cethegus

179 1472 303 1549 Integer,
317 1479 347 1530 et
356 1455 453 1547 jacuit
466 1471 600 1531 Catilina
612 1469 753 1528 cadavere
765 1477 837 1528 toto.
861 1457 897 1531 ess

220 1571 358 1627 Formam
372 1576 455 1645 optat
469 1569 584 1628 modico
596 1567 704 1644 pueris,
718 1565 827 1640 majore
841 1565 947 1641 puellis

179 1667 338 1740 Murmure,
353 1685 444 1740 quum
452 1666 577 1725 Veneris
590 1663 693 1740 fanum
705 1665 786 1723 videt
799 1664 889 1728 auxia
901 1671 1003 1737 mater,

180 1765 279 1837 Usque
293 1764 330 1821 ad
342 1764 459 1824 delicias
470 1772 614 1823 votorum.
658 1762 749 1823 “Cur
762 1763 888 1835 tamen,”
902 1763 1007 1836 inquit,

181 1865 201 1894 “
210 1859 378 1934 Conipiasl
419 1860 529 1922 Pulcra
541 1860 648 1936 gaudet
660 1860 775 1920 Latona
788 1860 915 1918 Diana”

180 1958 238 2016 Sed
250 1965 333 2015 vetat
346 1958 440 2033 optari
453 1955 558 2016 faciem
571 1958 719 2030 Lucretia,
733 1958 848 2032 qualem

180 2055 251 2130 Ipsa
263 2053 381 2111 habuit:
404 2061 522 2128 cuperet
535 2055 644 2112 Rutilae
654 2055 791 2130 Virginia
804 2055 923 2132 gibbum

180 2152 322 2227 Accipere
334 2157 424 2225 atque
437 2169 520 2210 suam
533 2150 643 2210 Rutilae
656 2149 734 2210 dare.
775 2152 870 2209 Filius
882 2161 981 2210 autem

180 2247 318 2325 Corporis
332 2248 438 2326 egregii
445 2249 571 2306 miseros
583 2247 768 2324 trepidosque
780 2255 914 2323 parentes

181 2347 300 2421 Semper
312 2344 408 2404 habet
451 2347 533 2404 Rara
546 2353 590 2404 est
603 2344 678 2404 adeo
691 2345 844 2404 concordia
856 2342 955 2404 forma
1078 2346 1138 2406 290

178 2437 281 2514 'Atque
294 2439 449 2517 pudicitiae.
491 2441 617 2500 Sanctus
629 2440 699 2500 lieet
711 2440 829 2500 horrida
841 2459 936 2500 mores

181 2536 347 2595 liadiderit
360 2539 472 2611 domus,
487 2555 523 2596 ac
536 2544 648 2596 veteres
662 2537 781 2596 imitata
794 2538 934 2606 Sabinos;

181 2635 326 2691 Praeterea
339 2643 451 2692 castum
464 2635 613 2712 ingenium
626 2635 800 2708 vultumque
812 2635 942 2694 modesto

182 2729 328 2806 Sanguine
341 2729 499 2790 ferventem
512 2733 624 2790 tribuat
636 2739 745 2790 natura
757 2733 883 2808 benigna

180 2826 276 2902 Larga
289 2845 395 2886 manu:
418 2828 502 2904 (quid
515 2830 594 2886 enim
607 2847 698 2904 puero
712 2827 840 2888 conferre
854 2805 949 2904 potelt
961 2818 1027 2905 plus

182 2922 310 2983 Custode
322 2930 353 2980 et
366 2943 435 2983 cura
447 2903 555 2984 natula
567 2926 712 3000 potentior
726 2927 805 2984 omni
812 2927 840 3001 l)

175 3020 250 3094 „Non
262 3019 332 3076 licet
344 3037 405 3076 esse
417 3021 510 3081 viros:
531 3040 601 3079 nam
615 3021 736 3099 prodiga
749 3023 926 3096 corruptoris

180 3117 358 3192 improbitas
371 3117 450 3192 ipsos
464 3115 553 3177 audet
566 3123 680 3178 tentare
693 3127 834 3194 parentes

183 3212 268 3272 “Sed
282 3214 449 3289 castoquid
461 3212 559 3272 forma
570 3215 695 3275 noeeti’'
721 3213 820 3297 ,Quid
830 3213 940 3290 profuit
951 3217 1041 3276 immo

180 3311 343 3388 Hippolyto
356 3330 445 3388 grave
458 3312 662 3390 propositum?
684 3313 755 3388 quid
764 3313 1004 3390 Bellerophonti?
1076 3317 1135 3375 300

180 3405 307 3466 Erubuit
319 3427 422 3486 nempe
434 3410 507 3482 haec,
523 3425 576 3470 eeu
589 3408 730 3484 fastidita,
747 3411 878 3488 repulsa;

180 3501 243 3560 Nec
257 3503 432 3566 Stheneboea
444 3507 551 3581 minus,
565 3526 654 3583 quam
668 3509 783 3584 Cressa,
794 3509 958 3584 excanduit,
974 3518 1004 3567 et
1017 3529 1047 3570 se

182 3599 357 3662 Concessere
369 3605 471 3664 ambae.
512 3606 622 3666 Mulier
634 3608 792 3668 saensnma
804 3613 876 3666 tunc
888 3615 941 3680 est,

184 3696 282 3768 Quum
294 3699 427 3760 stimulos
438 3700 505 3758 odio
517 3703 611 3776 pudor
623 3703 768 3762 admovet.
809 3704 902 3778 Elige,
916 3703 1056 3774 quidnam

183 3792 368 3854 Suadendum
381 3815 442 3854 esse
455 3805 547 3872 putes,
563 3798 611 3858 cui
623 3801 732 3856 nubere
746 3798 869 3858 Caesaris
882 3816 958 3856 uxor

314 3931 451 4060 ea
645 3893 671 3952 ⁰
