2702 4354
656 385 772 428 SATIRA
789 385 854 432 111.

279 517 352 576 Velo
365 537 454 595 prora
465 536 526 577 suo.
567 519 638 576 Jam
650 515 848 576 deficientibus
861 515 990 590 Austris,

280 617 350 692 Spes
363 617 432 673 vitae
446 634 513 673 cum
527 615 587 673 sole
600 616 691 673 redit:
714 623 776 672 turn
791 621 890 690 gratus
905 614 982 687 Iulo,

279 714 378 786 Atque
391 714 537 771 novercali
550 713 629 770 sedes
642 713 764 789 praelata
777 713 899 784 Lavino,

279 810 466 886 Conspicitur
479 809 766 886 sublimisapeuacui
780 810 1024 868 candidanomen
1192 804 1233 866 70

280 906 380 966 Scrofa
394 908 482 980 dedit,
496 908 570 966 laetis
583 908 750 984 Phrygibus
764 908 897 965 mirabile
910 925 1020 978 sumen,

251 1019 256 1023 ·
279 1005 320 1062 Et
334 1023 485 1079 nunquam
498 1006 568 1062 visis
581 1006 703 1081 triginta
717 1006 796 1064 clara
809 1004 956 1063 mamillis.

279 1102 415 1162 Tandem
425 1103 515 1158 intrat
528 1102 640 1177 positas
653 1102 765 1160 inclusa
778 1119 829 1178 per
843 1119 959 1176 aequora
972 1101 1062 1159 moles

280 1200 519 1274 Tyrrhenamque
532 1200 652 1257 Pharon
665 1207 852 1274 porrectaque
865 1199 985 1258 brachia
998 1216 1123 1271 rursum,

281 1299 353 1370 Quae
367 1298 470 1372 pelago
483 1304 640 1355 occurrunt
653 1297 748 1354 medio
762 1296 903 1372 longeque
915 1296 1082 1370 relinquunt

281 1393 409 1452 Italiam.
450 1391 520 1452 Non
532 1393 575 1452 sic
588 1393 680 1470 igitur
691 1394 833 1470 mirabere
846 1401 954 1468 portus,

282 1493 361 1564 Quos
375 1501 481 1549 natura
494 1491 590 1550 dedit:
612 1491 663 1550 sed
678 1499 782 1548 trunca
794 1507 891 1566 puppe
903 1489 1041 1566 magister

281 1589 424 1648 Interiora
437 1590 522 1665 petit,
537 1591 657 1647 Baianae
669 1590 769 1666 pervia
782 1589 900 1665 oymbae,

280 1686 351 1742 Tuti
365 1694 469 1763 stagna
482 1686 570 1759 sinus,
585 1686 712 1762 gaudent
725 1687 776 1744 ubi
790 1686 897 1744 vertice
910 1703 978 1744 raso

283 1783 413 1842 Garrula
425 1785 518 1842 securi
532 1802 650 1842 narrare
663 1784 792 1859 pericula
805 1791 910 1844 nautae.

281 1862 328 1939 Ito¹
341 1882 440 1956 igitur,
455 1882 546 1956 pueri,
561 1881 668 1956 linguis
682 1883 843 1955 animisque
855 1880 993 1955 faventes,

282 1979 423 2052 Sertaque
436 1977 562 2035 delubris
575 1985 605 2035 et
617 1976 696 2037 farra
709 1978 847 2064 imponite
860 1980 971 2051 cultris,

282 2076 330 2133 Ae
343 2074 446 2134 molles
460 2084 561 2133 ornate
573 2073 651 2132 focos
663 2075 835 2150 glebamque
848 2076 1001 2134 virentem!

281 2173 303 2231 J
303 2191 352 2230 om
366 2190 471 2246 sequar
484 2179 522 2244 et,
536 2188 617 2230 sacro
630 2171 707 2245 quod
720 2179 838 2247 praestat
850 2173 907 2229 rite
920 2179 1045 2248 peracto,

203 2295 205 2298 ·
282 2269 353 2330 Inde
366 2271 484 2328 domum
498 2277 636 2345 repetam,
650 2268 772 2345 graciles
785 2268 835 2325 ubi
849 2287 941 2344 parva
954 2286 1075 2328 coronas

282 2367 441 2443 Accipiunt
454 2364 550 2444 fragili
564 2367 720 2425 simulacra
732 2366 857 2424 nitentia
870 2385 944 2424 cera

283 2466 342 2525 Hie
355 2474 485 2524 nostrum
501 2467 622 2541 placabo
635 2466 750 2537 Jovem,
765 2465 947 2540 Laribusque
959 2463 1087 2539 paternis

283 2564 384 2622 Thura
398 2564 481 2638 dabo,
497 2571 585 2638 atque
599 2581 698 2622 omnes
711 2562 796 2621 violae
804 2561 924 2636 jactabo
937 2562 1054 2621 colores.

285 2661 398 2720 Cuncta
410 2662 521 2730 nitent;
534 2661 641 2736 ¹longos
654 2662 746 2718 erexit
755 2659 849 2735 janua
860 2677 965 2734 ramos,

284 2757 324 2816 Et
338 2759 495 2817 matutinis
504 2765 641 2834 operatur
654 2757 728 2816 festa
741 2758 874 2816 lucernis.
966 2797 970 2804 -
1197 2759 1237 2816 90

324 2855 387 2914 Nec
400 2862 535 2930 suspecta
547 2856 602 2912 tibi
615 2855 673 2912 sint
686 2855 758 2926 hac,
772 2854 913 2914 Gorvine:
933 2854 1076 2928 Catullus,

285 2954 345 3012 Pro
359 2952 440 3026 cujus
453 2953 548 3010 reditu
561 2960 606 3009 tot
619 2970 696 3027 pono
709 2952 822 3023 altaria,
837 2970 941 3027 parvos

286 3049 358 3107 Tres
370 3049 457 3105 habet
470 3048 597 3112 heredes.
638 3048 724 3105 Libet
737 3056 910 3123 exspectare,
925 3049 989 3122 quis
1003 3065 1109 3123 aegram
1143 3101 1146 3106 .

287 3146 327 3203 Et
341 3145 521 3204 claudentem
535 3145 633 3202 oculos
645 3143 787 3220 gallinam
799 3144 946 3220 impendat
960 3143 1053 3200 amico

182 3255 184 3260 ·
286 3242 361 3300 Tum
375 3241 474 3300 sterili.
518 3241 630 3300 Verum
643 3240 706 3298 haec
718 3239 810 3296 nimia
823 3245 866 3297 est
879 3240 1024 3315 impensa:
1047 3241 1182 3301 coturnix

286 3338 377 3398 Nulla
389 3357 520 3412 unquam
533 3357 586 3415 pro
599 3346 681 3414 patre
696 3337 786 3396 cadet.
828 3335 941 3395 Sentire
955 3337 1079 3396 calorem

288 3437 320 3495 Si
334 3438 423 3514 eoepit
435 3436 562 3513 locuples
576 3435 689 3495 Gallita
702 3443 732 3493 et
745 3436 869 3494 Paccius
883 3436 955 3508 orbi,

287 3533 428 3610 Legitima
440 3535 506 3590 fixis
519 3533 643 3591 vestitur
655 3540 719 3591 tota
731 3533 845 3592 tabellis

184 3661 186 3666 ·
287 3631 436 3697 Particum
459 3631 603 3688 exsistunt
616 3631 670 3703 qui
683 3631 855 3705 promittant
868 3631 1067 3704 hecatomben,

290 3725 441 3797 Quatenus
456 3727 574 3786 hicnon
587 3733 657 3784 sunt
669 3745 723 3784 neo
736 3727 850 3784 venaloe
863 3728 1017 3800 elephanti,
1182 3724 1242 3781 100

290 3822 353 3881 Neo
365 3823 461 3896 latio,
475 3831 528 3881 aut
540 3841 664 3896 usquam
677 3823 731 3880 sub
744 3829 843 3880 nostro
856 3823 947 3879 sidere
961 3822 1029 3878 talis
