2702 4354
566 362 684 405 sarrna
705 362 779 404 1111.
1112 345 1154 402 67

198 493 289 552 Haud
301 494 478 570 impunitum
493 494 639 569 quondam
654 493 723 567 fore,
734 494 814 569 quod
827 493 973 554 dubitaret
1094 494 1155 554 200

197 592 372 667 Depositum
384 611 416 651 re
430 593 437 606 '
460 611 507 650 ene
520 601 550 649 et
562 590 692 652 fraudem
702 591 769 666 jure
782 593 858 650 tueri
879 632 883 637 .

197 690 218 748 J
220 689 346 748 urando:
389 711 408 748 u
442 725 443 728 =
463 693 516 761 bat
529 691 615 772 enim,
630 709 695 764 quae
707 691 836 748 numinis
850 701 925 750 esset

198 787 291 861 Mens,
306 796 335 845 et
348 807 386 845 an
399 789 455 848 hoc
468 788 512 845 illi
526 786 639 846 facinus
652 788 789 846 suaderet
801 789 930 865 Apollo?

198 885 336 943 Reddidit
349 903 425 961 ergo,
440 894 530 958 metu,
545 903 604 942 non
618 886 763 964 moribus3
785 893 927 944 ettamen
941 905 1056 946 omnem

111 1046 115 1056 ¹
197 982 309 1040 Vocem
322 983 403 1058 adyti
416 983 534 1058 dignam
546 983 657 1057 templo
669 1001 826 1057 verumque
839 986 981 1060 probavit,

197 1079 447 1137 Exstinctus'tota
460 1079 569 1155 pariter
583 1097 649 1136 cum
662 1081 743 1155 prole
756 1083 897 1156 domoque
918 1065 945 1139 s?
965 1157 980 1166 .-
1068 1128 1075 1144 .

198 1175 247 1246 Et,
263 1175 398 1248 quamvis
410 1175 498 1251 longa
510 1175 640 1233 deductis
653 1185 747 1252 gente,
763 1173 952 1255 propinquisl·
970 1193 992 1202 ’“

198 1273 264 1330 Has
278 1273 391 1348 patitur
404 1291 506 1349 poenas
520 1274 660 1350 peccandi
674 1275 736 1332 sola
749 1277 892 1336 voluntas.

198 1371 277 1430 Nam
292 1372 384 1430 scelus
396 1373 475 1430 intra
489 1391 520 1430 se
533 1373 657 1430 taciturn
671 1375 723 1448 qui
737 1376 845 1451 cogitat
859 1377 962 1450 ullum,

199 1469 285 1526 Facti
298 1469 407 1528 crimen
415 1470 516 1541 ,habet
562 1475 581 1505 “
590 1469 678 1544 Cedo,
694 1473 719 1529 si
733 1480 839 1530 conata
851 1474 961 1550 peregit
968 1475 1000 1533 i’'
1095 1475 1155 1535 210

198 1569 346 1642 Perpetua
358 1568 491 1628 anxietas
504 1586 558 1628 nee
572 1581 676 1628 mensae
690 1578 820 1647 tempore
833 1579 936 1643 cesset,

199 1665 355 1740 Faucibus,
370 1674 404 1724 ut
417 1669 527 1742 morbo,
542 1667 624 1726 siccis
637 1669 771 1742 interque
784 1669 909 1726 molares

200 1762 319 1822 Difficili
333 1773 478 1823 crescente
491 1766 570 1824 cibo:
595 1766 697 1826 Setina
709 1766 838 1824 misellus

200 1861 344 1936 Exspuit3
367 1862 478 1920 Albani
491 1853 597 1921 veteiis
608 1863 734 1939 pretiosa
747 1872 877 1924 senectus
972 1887 984 1904 ·

200 1959 362 2034 Displicet3
384 1959 517 2016 ostendas
531 1959 643 2030 melius,
658 1960 826 2018 densissima
839 1979 913 2038 ruga

98 2055 106 2070 '
200 2058 325 2134 Cogitur
337 2059 369 2116 in
382 2056 516 2131 frontem,
530 2057 612 2114 velut
626 2057 686 2114 acri
699 2056 788 2116 ducta
800 2059 935 2116 Falerno.
1009 2077 1012 2084 ’

122 2211 126 2218 .
199 2149 294 2214 Nocte
308 2157 423 2219 brevem
437 2156 463 2213 si
478 2152 553 2212 forte
565 2153 687 2228 indulsit
701 2171 771 2211 cura
785 2172 924 2228 soporem,

200 2253 242 2310 Et
254 2261 317 2312 toto
330 2261 447 2314 versata
460 2262 526 2311 toro
534 2250 599 2326 jam
612 2252 742 2309 membra
755 2251 914 2324 quieseunt,

201 2350 349 2410 Continuo
362 2352 504 2428 templum
519 2358 549 2408 et
561 2348 665 2408 violati
678 2348 807 2406 numinis
820 2367 887 2406 aras
904 2349 909 2358 '

200 2434 250 2522 Et,
265 2451 341 2524 quod
355 2450 507 2527 praecipuis
520 2456 648 2507 mentem
662 2447 813 2506 sudoribus
827 2454 919 2523 urget,
1096 2449 1157 2508 220

91 2532 95 2540 ’
200 2547 243 2604 Te
256 2548 335 2605 videt
347 2549 378 2605 in
392 2547 517 2616 somnis3
539 2555 593 2604 tua
605 2562 690 2604 saera
703 2552 732 2602 et
745 2543 837 2620 major
849 2545 947 2622 imago
1007 2605 1011 2616 ,

201 2642 341 2702 Humana
354 2647 454 2704 turbat
467 2644 606 2722 pavidum
621 2644 754 2720 cogitque
767 2639 860 2703 fateri.
887 2637 890 2653 '

201 2741 243 2798 Hi
257 2749 333 2816 sunt,
347 2744 397 2818 qui
411 2743 558 2819 trepidant
572 2749 601 2799 ct
615 2742 654 2799 ad
667 2741 764 2798 omnia
777 2738 894 2816 fulgura
907 2741 1026 2816 pallent,

201 2839 298 2910 Quum
313 2849 404 2910 tonat,
419 2841 567 2897 exanimes
580 2839 674 2914 primo
688 2855 802 2912 quoque
815 2855 964 2895 murmure
977 2839 1061 2907 coeli3

199 2933 268 2992 Non
282 2936 366 3008 quasi
380 2934 527 3006 fortuitus,
543 2951 596 2991 nee
608 2940 762 2991 ventorum
775 2934 864 3004 rabie,
879 2933 929 2990 sed

200 3031 300 3090 Iratus
314 3031 400 3088 cadat
412 3033 443 3088 in
457 3039 549 3088 terras
561 3039 592 3087 et
600 3029 713 3103 judicet
726 3029 810 3104 ignis.

199 3128 258 3186 Illa
271 3127 346 3186 nihil
358 3128 465 3199 nocuit,
481 3145 552 3184 eura
564 3126 696 3202 graviore
708 3127 831 3183 timetur

199 3226 342 3284 Proxima
354 3232 521 3302 tempestas,
532 3224 614 3282 velut
626 3223 682 3280 hoc
695 3222 787 3280 dilata
800 3239 908 3280 sereno.
1017 3279 1028 3294 ,

199 3324 354 3394 Praeterea,
370 3323 469 3382 lateris
481 3321 564 3406 vigili
578 3340 645 3380 cum
658 3319 736 3380 febre
750 3320 889 3378 dolorem

200 3425 233 3482 si
247 3443 358 3502 coepere
372 3425 443 3500 pati,
457 3423 577 3482 missum
591 3422 629 3479 ad
642 3440 696 3480 sua
711 3440 831 3498 corpora
844 3423 977 3482 morbum
1096 3423 1156 3500 230

199 3520 309 3580 Infesto
323 3522 444 3582 credunt
458 3540 477 3578 a
490 3521 626 3588 numine;
648 3538 721 3578 saxa
734 3522 865 3578 Deorum

199 3619 273 3678 Haec
286 3628 316 3678 et
328 3621 388 3678 tela
401 3626 515 3694 putant.
556 3618 702 3676 Pecudem
716 3619 856 3693 spondere
869 3619 974 3678 sacello

198 3715 352 3792 Balantem
368 3724 397 3772 et
410 3717 536 3774 Laribus
550 3717 669 3772 cristam
683 3716 851 3790 promittere
864 3716 934 3790 galli
1017 3755 1020 3762 -

198 3812 267 3871 Non
281 3813 404 3887 audent:
426 3811 496 3884 quid
510 3811 587 3868 enim
600 3828 714 3886 sperare
728 3811 898 3866 nocentibus
912 3810 995 3883 aegris
