2672 4350
205 346 246 402 46
513 357 544 398 ι).
563 357 652 398 ιιιιιιι
675 355 852 398 uuvsunms

182 527 188 536 ·
206 491 374 552 Cannarum
389 488 496 546 vindex
509 497 539 546 et
552 489 629 546 tanti
642 487 791 564 sanguinis
804 486 892 558 ultor,
1083 566 1087 576 Ι

205 588 353 646 Annulus.
395 585 421 659 I,
436 586 561 658 demens,
576 593 606 642 et
620 603 711 643 saevas
725 602 808 642 curre
821 601 880 660 per·
886 582 987 660 Alpes,

205 687 250 762 Ut
262 685 359 762 pueris
371 684 485 758 placeas
499 691 529 740 et
542 683 715 740 declamatio
730 683 796 740 fias!

16 795 20 804 ’
83 843 91 862 ,
206 783 291 841 Unus
305 781 413 838 Pellaeo
421 779 525 854 juveni
538 797 598 836 non
611 779 717 838 sufficit
731 779 824 838 orbis:

206 881 327 938 AEstuat
340 877 444 935 infelix
457 884 581 952 angusto
594 876 687 934 limite
699 876 810 952 mundi,
1240 944 1243 949 ι

207 978 251 1036 Ut
265 976 360 1052 Gyari
372 975 485 1034 clausus
498 973 625 1051 scopulis
638 991 787 1050 parvaque
801 973 941 1050 Seripho:
1106 972 1165 1034 170

207 1074 306 1147 Quum
320 1081 418 1130 tamen
431 1091 450 1130 a
463 1071 560 1148 ligulis
573 1072 721 1130 munitam
734 1071 887 1152 intraverit
900 1073 1013 1146 urbem,

208 1171 394 1246 Sarcopbago
408 1175 561 1228 contentus
576 1169 638 1226 erit.
682 1169 766 1226 Mors
780 1168 842 1226 sola
855 1166 972 1242 fatetur,

208 1267 359 1340 Quantula
372 1266 432 1326 sint
445 1267 597 1324 hominurn
610 1266 790 1341 corpuscula.
836 1265 973 1324 Creditur
986 1264 1055 1324 olim

207 1363 379 1423 Velifioatus
388 1364 504 1563 Athos,
510 1371 540 1422 et
525 1364 780 1520 mqffiquid-fflg
711 1362 741 1421 G
782 1362 827 1420 cia
840 1362 965 1418 mendax

207 1453 363 1616 Auden·
595 1468 706 1518 ttum
697 1381 859 1518 'agrium
874 1459 966 1516 isdem

209 1469 363 1635 pposr
398 1471 584 1633 (prerotiso
628 1576 677 1614 um
685 1533 788 1649 unare)
810 1556 953 1614 oredimus
965 1555 1041 1614 altos

209 1653 354 1714 Defcoisse
368 1673 475 1728 amnes,
489 1658 630 1731 'epotaque
644 1653 766 1712 flumina
779 1652 868 1710 Medo

208 1753 381 1826 Prandente,
396 1759 425 1809 et
438 1751 562 1810 madidis
576 1757 676 1810 cantat
690 1751 755 1824 quae
770 1749 921 1809 Sostratus
935 1748 998 1810 alis.

207 1849 265 1907 Illo
277 1857 375 1906 tamen
391 1849 485 1923 qualis
497 1847 583 1906 rediit
596 1847 747 1908 Salamine
762 1848 873 1927 relicta,

209 1947 246 2002 In
261 1945 369 2006 Corum
384 1953 472 2020 atque
485 1945 599 2003 Eurum
613 1946 716 2004 solitus
728 1945 829 2004 saevire
842 1943 965 2022 flagellis
1108 1945 1181 2006 180·
1203 1955 1207 1964 '

209 2045 368 2116 Barbarus,
377 2043 478 2103 AEolio
490 2061 642 2118 nunquam
655 2043 755 2106 henin
769 2061 883 2103 carcere
895 2061 1005 2120 passos,
1200 2035 1202 2040 ’

209 2142 312 2218 ipsum
326 2143 511 2218 compedibus
525 2141 577 2217 qui
590 2143 726 2201 vinxerat
736 2142 965 2218 Ennosigaeumi

209 2240 314 2300 Mitius
322 2239 354 2296 id
363 2258 448 2298 sane:
464 2241 556 2317 quidi
567 2259 627 2299 non
640 2249 669 2298 et
682 2240 819 2316 stigmate
832 2239 953 2316 dignum

211 2337 359 2398 Credidit?
394 2339 476 2396 Huic
488 2326 644 2413 quisquam
657 2337 745 2396 vellet
761 2337 867 2395 servire
881 2337 1033 2395 Deorum?

211 2435 269 2494 Sed
282 2435 375 2509 qualis
387 2435 492 2493 rediit?
512 2452 616 2510 nempe
629 2453 689 2492 una
701 2452 784 2505 nave,
800 2434 927 2492 cruentis

210 2531 373 2604 Fluctibus,
388 2549 424 2590 ao
438 2532 523 2588 tarda
535 2549 587 2607 per
599 2532 688 2588 densa
701 2531 843 2590 cadavera
856 2549 951 2608 prora.
982 2579 985 2586 .

211 2629 276 2686 Has
289 2627 377 2686 toties
389 2635 490 2703 optata
502 2628 600 2705 exegit
612 2627 705 2704 gloria
718 2629 836 2704 poenas!

252 2725 327 2783 “Da
340 2726 466 2800 spatium
479 2725 558 2799 vitae,
571 2726 680 2784 multos
693 2725 738 2798 da,
754 2727 880 2803 Jupiter,
894 2745 985 2787 annos
994 2727 1023 2784 f'
1120 2789 1123 2796 ,

211 2823 278 2880 Hoc
291 2830 369 2888 recto
382 2823 466 2881 vultu
480 2823 583 2896 solnm,
598 2824 655 2883 hoc
667 2833 697 2882 et
711 2825 839 2902 pallidus
851 2835 946 2904 optas.
1025 2873 1035 2894 .

212 2921 270 2980 Sed
280 2937 368 2996 quam
383 2919 528 2978 continuis
542 2928 576 2978 et
585 2924 702 2996 quantis
715 2924 804 3000 longa
816 2934 948 2986 senectus
1111 2928 1169 2986 leo

188 3032 190 3036 ’
211 3017 415 3091 ΡΙθιιιμιιΙίιΞ
458 3017 625 3106 Deformem
638 3029 668 3078 et
681 3029 789 3080 uuum
804 3031 872 3082 ante
886 3024 986 3083 omnia
998 3021 1112 3084 mlum

212 3115 448 3188 Dissimilemquc
462 3117 517 3190 sui,
531 3116 689 3176 deformem
703 3137 756 3194 pro
773 3122 965 3198 compellem,

186 3213 431 3286 ,Pendentesque
444 3230 539 3287 genas,
552 3222 581 3272 et
595 3216 668 3274 tales
681 3217 777 3292 aspice
789 3233 885 3294 rages,
1076 3277 1079 3284 .

213 3307 330 3382 Quales,
346 3307 516 3369 umbriferos
530 3312 581 3368 ubi
595 3313 698 3388 pandit
712 3315 844 3372 Tabraca
857 3313 959 3388 saltus,
1063 3347 1073 3362 κ

212 3405 250 3462 In
263 3404 362 3464 vetula
375 3401 481 3483 scalpit
490 3407 554 3482 Jam
566 3417 662 3466 mater
674 3409 761 3468 simia
774 3413 873 3468 bucca.
1147 3409 1151 3418 “

211 3501 346 3560 Plurima
357 3511 427 3562 sunt
435 3503 577 3578 juvenum
590 3507 774 3566 discrimina:
796 3507 925 3582 pulcrior
937 3507 989 3566 illc

212 3598 288 3672 Hoc,
304 3606 393 3674 atque
405 3601 455 3658 ifle
471 3601 547 3670 alio;
568 3604 694 3662 multum
707 3602 756 3662 hio
768 3605 914 3662 robustior
925 3604 994 3662 illo:
1081 3647 1085 3654 .

213 3697 283 3756 Una
295 3715 397 3756 senrnn
410 3697 508 3771 facies,
524 3719 590 3756 oum
604 3719 675 3759 voce
688 3702 842 3759 trementia
854 3704 992 3775 membra,

213 3793 254 3851 Et
264 3793 329 3866 jam
342 3796 406 3852 leve
419 3802 507 3869 capnt
520 3797 687 3872 madidique
699 3795 823 3856 infantia
836 3801 908 3856 nasi.
