2702 4354
171 347 213 405 58
479 362 510 404 n.
529 360 618 404 tumr
640 362 817 405 Juvauams

170 495 279 554 Arbori
292 495 419 565 incertae,
431 493 543 550 nullam
557 493 711 568 prudentia
724 495 789 550 ceni

170 593 301 651 Rectoris
314 610 406 666 quum
419 588 507 647 ferret
520 608 621 666 opem:
643 591 771 648 decidere
780 589 864 664 jactu

170 691 269 766 Coepit
283 707 351 772 cum
364 689 465 746 ventis.
620 685 621 697 ¹

171 794 190 824 ‘⁴
199 789 335 861 Fundite,
351 805 416 862 quae
429 805 495 843 mea
507 787 605 859 sunt,’'
619 786 741 859 dicebat,
758 791 777 822 “
787 787 919 858 cuncta‚''
932 784 1079 862 Catullus,

169 887 357 962 Praecipitare
370 884 470 942 volens
484 884 573 940 etiam
587 883 791 958 pulcherrima,
807 892 915 942 vestem

169 973 361 1060 Purpuream,
376 982 483 1041 teneris
497 999 612 1056 qnoque
626 981 835 1040 Maecenatibus
849 989 958 1057 aptam,

170 1083 272 1155 Atque
286 1082 369 1154 alias,
384 1098 508 1155 quarum
523 1080 652 1156 generosi
666 1080 807 1156 graminis
820 1079 917 1156 ipsum

170 1177 275 1237 Infecit
289 1174 503 1255 natura'pecus,
519 1177 569 1235 sed
582 1186 612 1235 ct
624 1179 756 1254 egregius
768 1176 833 1236 fons
935 1187 937 1191 '
950 1199 954 1206 ·

170 1277 291 1336 Viribus
304 1276 423 1335 occultis
437 1284 471 1333 et*
481 1277 609 1334 Baeticus
622 1274 742 1350 adjuvat
756 1294 814 1334 aer.

110 1379 121 1400 ·
169 1374 225 1431 Ille
238 1393 291 1432 nec
304 1381 457 1449 argentum
471 1374 624 1431 dubitabat
637 1375 761 1447 mittere,
776 1357 873 1456 lauces

169 1472 329 1528 Parthenio
343 1470 443 1544 factas,
458 1490 538 1528 urnae
552 1478 671 1528 cratera
679 1488 824 1546 capacem,

170 1568 211 1626 Et
225 1569 344 1644 dignum
357 1569 472 1626 sitiente
484 1568 580 1627 Pholo
593 1567 641 1625 vel
655 1555 776 1644 conjuge
790 1564 897 1636 Fusci3

170 1666 257 1722 Adde
271 1674 299 1722 et
313 1665 471 1724 bascaudas
485 1673 514 1722 et
527 1665 608 1721 mille
622 1665 736 1736 cacalia,
751 1665 878 1722 multum
938 1677 941 1685 '

171 1761 285 1835 caelati,
301 1763 413 1819 biberat
427 1779 486 1834 quo
499 1760 621 1818 callidus
635 1767 729 1818 emtor
741 1761 875 1838 Olynthi.

171 1859 229 1918 Sed
241 1860 306 1933 quis
319 1877 398 1916 nunc
411 1859 494 1931 alius,
510 1877 569 1932 qua
581 1859 683 1936 mundi
697 1867 787 1934 parte,
799 1861 968 1934 quisaudet

171 1957 304 2033 Argento
317 1956 449 2033 praeferre
463 1963 551 2032 caput
565 1957 709 2030 rebusque
722 1959 868 2016 salutem?
909 1939 912 1944 ¹
946 2016 950 2034 Δ,
1006 1969 1009 1974 ’

182 2054 185 2060 ’
211 2052 280 2110 Non
293 2035 412 2129 propter
425 2053 517 2110 vitam
531 2050 644 2110 faciunt
657 2054 835 2128 patrimonia
848 2055 976 2129 quidam,

173 2151 230 2210 Sed
242 2151 315 2209 vitio
329 2151 396 2208 caeci
404 2159 527 2226 propter
539 2141 842 2226 patrimoniauivunt.
1000 2131 1003 2142 ἵ

172 2251 418 2307 ductaturrerum
430 2248 550 2306 utilium
564 2249 790 2323 parsumaxima:
813 2248 862 2306 sed
875 2267 928 2306 nec
996 2271 998 2278 ·
1089 2249 1130 2309 50

172 2349 291 2404 Damna
304 2346 413 2409 levant.
453 2346 547 2417 Tunc,
563 2345 688 2404 adversis
701 2346 876 2420 urgentibus,
892 2346 963 2404 illuc

172 2443 298 2514 Decidit,
315 2449 349 2499 ut
362 2442 474 2499 malum
487 2439 562 2499 ferro
576 2442 774 2508 submitteret3
798 2458 832 2498 au
845 2457 880 2498 sc·

173 2540 312 2615 Explicat
325 2546 499 2614 angustum
520 2537 698 2595 discriminis
711 2537 824 2610 ultima,
833 2539 957 2612 quando

117 2709 119 2714 Ι
174 2636 314 2692 Praesidia
328 2635 476 2692 efferimus
488 2631 720 2692 navemfactura
733 2635 889 2694 minorem·
907 2651 910 2656 ·

174 2733 281 2788 Inuno
295 2739 324 2788 et
337 2731 432 2789 ventis
446 2731 575 2788 animam
589 2731 746 2805 committe,
762 2731 861 2788 dolato
967 2765 970 2770 ·

176 2829 309 2888 Confisus
323 2828 411 2904 ligno,
427 2827 525 2906 digitis
539 2811 558 2886 a
571 2835 664 2885 morte
677 2811 804 2900 remotus

177 2929 319 3000 (quatuor,
335 2935 387 2985 aut
401 2933 509 3002 septem
524 2925 548 2983 si
563 2927 601 2982 sit
612 2925 757 2998 latissima
769 2925 862 2982 taeda!

177 3027 251 3082 Mox
264 3044 331 3083 cum
344 3024 473 3081 reticulis
486 3031 516 3101 et
529 3041 605 3099 pune
619 3029 648 3081 et
661 3031 762 3081 ventre
775 3023 885 3100 lagenae

95 3111 96 3114 ¹
177 3123 285 3198 Aspice
298 3122 451 3180 sumendas
465 3122 679 3196 intempestate
693 3139 813 3179 secures

178 3221 236 3279 Sed
248 3229 403 3297 postquam
412 3219 507 3294 jacuit
519 3221 640 3295 planum
654 3237 742 3292 mare,
757 3227 889 3294 tempora
902 3227 1056 3295 postquam
1095 3220 1133 3276 60

178 3321 320 3394 Prospera
332 3317 456 3375 vectoris
470 3316 622 3394 fatumque
635 3315 778 3373 valentius
790 3316 872 3375 Euro

178 3415 219 3472 Et
233 3414 351 3489 pelag03
374 3421 528 3488 postquam
541 3414 644 3469 Parcae
656 3411 779 3469 meliora
790 3413 914 3488 benigna

131 3499 132 3502 ¹
178 3514 274 3568 Pensa
287 3529 376 3568 manu
390 3509 501 3567 ducunt
514 3508 629 3581 hilares,
645 3516 674 3565 et
688 3509 821 3566 staminis
834 3509 893 3566 albi

178 3608 327 3679 Lanificae,
342 3607 456 3664 modica
467 3613 522 3662 nec
535 3606 661 3673 multum
674 3603 775 3662 fortior
788 3624 860 3662 aura

107 3737 111 3744 -
179 3705 293 3761 Ventus
308 3705 407 3760 adest:
428 3704 509 3776 inopi
522 3702 693 3758 miserabilis
707 3710 770 3758 arte
784 3703 913 3759 cucurrit

181 3800 318 3858 Vestibus
332 3802 457 3858 extentis
470 3809 508 3871 et,
518 3799 600 3871 quod
613 3809 802 3873 superaverat·
811 3819 910 3872 unum,
995 3866 1003 3871 ,
