2672 4350
146 335 188 390 52
455 348 485 388 n.
501 347 589 388 ruuu
613 347 790 388 ruvsunms

145 480 335 555 Ancipitemb
350 487 451 537 sautu
465 495 570 554 magno
584 478 748 544 discrimine
761 495 880 536 causam

143 579 298 653 Pmtegere
311 575 448 644 affectas3
469 584 499 633 te
513 576 637 647 consule,
653 576 701 633 dic
714 577 777 648 tibi,
793 577 858 648 quis
873 575 921 647 sis,
986 579 992 592 '

144 674 252 734 Orator
265 674 425 746 vehemens,
437 692 476 730 an
490 672 612 731 Curtius
622 673 655 729 et
665 673 771 730 Matho
783 674 891 730 bucca.

142 770 297 829 Nosoenda
310 777 354 827 est
367 773 503 826 mensura
517 770 562 827 sui
576 770 789 845 spectandaque
802 771 888 827 rebus

143 868 179 926 In
193 868 312 926 summis
326 867 528 940 minimisque3
550 867 640 924 etiam
653 886 744 940 quum
757 869 844 943 piscis
857 875 975 938 emetur,

142 965 189 1022 Ne
202 965 327 1022 mullum
339 963 447 1038 cupias,
464 981 554 1037 quum
569 963 607 1020 sit
621 963 675 1021 tibi
688 964 773 1040 gobio
787 970 901 1021 tantum
946 983 958 1000 .

143 1062 304 1119 inlocalis.
346 1061 420 1134 Quis
434 1062 511 1118 enim
525 1069 564 1134 te,
579 1061 729 1120 deficiente
742 1081 888 1134 crumena,

142 1154 183 1210 Et
196 1160 342 1211 crescente
354 1153 433 1229 gula,
448 1160 548 1210 manet
563 1154 667 1226 exitus,
684 1173 740 1210 aere
753 1163 876 1229 paterno

142 1251 191 1308 Ac
203 1253 288 1308 rebus
302 1251 405 1308 mersis
418 1252 450 1309 in
463 1257 603 1322 ventrem,
616 1248 725 1310 fenoris
737 1260 825 1325 atque
1060 1252 1100 1310 40

143 1348 268 1423 Argenti
281 1349 377 1424 gnavis
386 1347 421 1404 'et
434 1365 572 1422 pecorum
585 1365 779 1422 agrorumque
793 1349 947 1423 capacemt

143 1445 265 1504 Talibus
278 1463 297 1502 a
310 1445 434 1503 dominis
447 1453 513 1518 post
526 1452 631 1502 cuncta
645 1445 818 1502 novissimus
832 1445 894 1502 exit

143 1541 290 1614 AnnuluS,
305 1549 335 1598 et
349 1541 439 1616 digito
454 1541 598 1597 mendicat
611 1541 708 1598 Pollio
721 1542 806 1598 nudo.

143 1638 211 1696 Non
225 1640 392 1714 praematuri
406 1621 524 1708 cineres,
539 1657 593 1696 neo
607 1635 694 1700 funus
706 1641 841 1696 acerbum
905 1636 907 1640 ’

143 1737 291 1809 Luxuriae,
305 1737 355 1794 sed
368 1744 461 1792 morte
474 1735 568 1810 magis
581 1735 739 1792 metuenda
752 1745 892 1794 senectus.

144 1835 187 1892 Hi
200 1835 370 1909 plerumque
383 1833 505 1908 gradus:
529 1833 671 1890 conducta
683 1835 807 1908 pecunia
820 1835 923 1891 Romae

143 1932 184 1989 Et
198 1949 296 1990 coram
310 1929 435 1986 dominis
448 1913 643 1986 consumitur}
661 1930 729 1986 inde
743 1931 793 1988 ubi
807 1932 940 2006 paullum

143 2029 248 2086 Nescio
262 2027 333 2101 quid
346 2034 475 2102 superest
490 2036 519 2083 et
532 2027 622 2102 pallet
635 2026 741 2084 fenoris
755 2038 866 2101 auctor,

144 2126 204 2198 Qui
217 2133 328 2184 vertere
342 2125 445 2196 solum,
460 2125 549 2182 Baias
563 2132 591 2181 et
605 2133 699 2184 ostrea
712 2134 841 2184 currunt.

144 2223 254 2282 Cedere
268 2239 394 2296 namque
409 2217 472 2278 foro
481 2219 547 2294 jam
560 2241 620 2279 non
633 2230 677 2279 est
691 2222 824 2295 deterius,
840 2241 928 2298 quam
1060 2223 1100 2282 50
1131 2291 1133 2295 ,

144 2319 293 2392 Esquilias
306 2337 325 2376 a
337 2317 460 2375 ferventi
474 2319 599 2392 migrare
614 2317 736 2376 Subura.

144 2417 200 2473 Ille
213 2417 296 2474 dolor
309 2415 388 2472 solus
401 2414 528 2488 patriam
542 2412 727 2487 fugientibus,
743 2415 795 2471 illa
846 2481 849 2486 Ι

135 2513 289 2570 Μωειὶιὶῆ
303 2518 347 2568 est
361 2510 486 2568 caruisse
500 2528 577 2566 anno
592 2509 775 2567 Circensibus
789 2531 858 2569 uno,
876 2547 877 2550 =

145 2609 301 2685 Sanguinis
316 2609 348 2664 in
361 2606 433 2664 facie
446 2626 505 2664 non
519 2607 609 2662 haeret
622 2613 723 2682 gutta:
745 2616 900 2665 morantur

144 2707 236 2764 Pauci
250 2704 408 2762 ridiculum
421 2702 577 2779 fugientem
590 2718 629 2760 eor
642 2706 712 2761 urbe
725 2705 881 2764 Pudorem.

185 2803 343 2878 Experiere
356 2801 449 2872 hodie,
465 2799 606 2873 numquid
618 2801 815 2874 pulcherrima
828 2803 917 2875 dictu,

145 2901 268 2970 Persice,
284 2917 344 2956 non
358 2887 567 2974 praestem'vit‘a
580 2897 627 2954 vel
640 2899 770 2956 moribus
783 2906 812 2955 et
824 2919 856 2956 re
863 2923 872 2968 ;

147 2997 204 3058 Sed
217 2996 332 3054 laudem
345 2995 465 3068 siliquas
480 2993 609 3052 occultus
623 3013 732 3070 ganeo;
753 2997 849 3071 pultes

148 3094 254 3154 Coram
267 3095 332 3151 aliis
345 3091 451 3150 dictem
464 3111 563 3168 puero,
579 3091 672 3149 sedin
686 3111 756 3150 aure
769 3093 926 3168 placentas.

146 3191 225 3250 Nam
239 3209 331 3265 quum
344 3191 381 3248 sis
396 3191 519 3247 conviva
532 3189 604 3245 mihi
618 3189 783 3264 promissus,
798 3191 918 3248 habebis
1062 3194 1102 3251 60

146 3289 325 3361 Evandrum,
340 3288 439 3345 venies
451 3287 633 3362 Tirynthius,
650 3294 702 3342 aut
714 3285 810 3343 minor
823 3287 874 3343 illo

147 3385 271 3460 Hospea
282 3393 312 3441 et
325 3385 387 3460 ipse
400 3393 499 3442 tamen
512 3385 679 3460 contingens
692 3384 831 3458 sanguine
846 3384 970 3440 coelumr

147 3481 235 3539 Alter
248 3481 340 3555 aquis,
356 3483 429 3539 alter
442 3481 565 3538 flammis
578 3480 616 3536 ad
629 3479 723 3536 sidera
736 3480 848 3538 missus.

148 3579 272 3638 Fercula
285 3597 363 3636 nuno
376 3579 446 3636 audi
460 3578 548 3635 nullis
562 3583 666 3634 ornata
679 3577 816 3634 macellis.

149 3675 195 3734 De
208 3677 364 3734 Tiburtino
376 3677 472 3734 veniet
485 3675 694 3750 pinguissimus
708 3692 778 3748 agro

150 3774 293 3832 Haedulus
306 3781 335 3830 et
349 3779 412 3830 toto
425 3789 511 3847 grege
523 3772 648 3842 mollior,
664 3772 769 3828 inscius
782 3772 885 3844 herbae,
