2702 4354
136 369 196 427 106
555 386 663 429 rsasu

131 513 246 575 Narem
260 519 284 574 si
297 524 398 593 poseat
411 519 467 575 sibi
480 525 634 593 peronatus
647 525 746 577 arator

131 613 256 672 Luciferi
271 614 363 685 rudis,
377 615 520 672 exclamet
533 614 687 672 Melicerta
700 619 806 691 perisse

132 712 270 768 Frontem
285 710 321 766 de
334 710 435 767 rebus:
457 710 512 768 tibi
525 719 605 769 recto
619 711 716 768 vivere
729 711 791 769 talo

73 820 76 825 ·
132 808 192 864 Ars
205 806 305 864 dedite
328 806 431 864 otveri
446 807 571 881 speciem
585 807 750 883 dignoscere
765 807 860 879 calles,

120 902 178 970 ,Ne
191 920 252 976 qua
265 903 407 960 subaerato
420 903 590 961 mendosum
605 904 713 960 tinniat
727 904 819 961 auro?

133 1002 263 1074 Quaeque
276 1000 420 1074 sequenda
432 997 534 1072 forent,
549 1017 672 1074 quaeque
688 1002 823 1060 evitanda
835 1001 970 1077 vicissim,

132 1097 191 1155 Illa
203 1097 284 1173 prius
298 1103 384 1168 creta,
401 1115 471 1154 mox
484 1096 548 1154 haec
561 1096 686 1154 carbone
700 1101 830 1157 notasti?

132 1195 175 1252 Es
188 1193 317 1252 modicus
329 1193 401 1267 voti,
416 1211 513 1268 presso
527 1194 596 1267 lare,
612 1195 706 1254 dulcis
720 1197 841 1255 amiciet

124 1293 201 1350 ¹elam
215 1310 293 1349 nunc
306 1292 458 1366 astringas,
469 1289 533 1365 jam
546 1309 626 1350 nunc
639 1295 776 1369 granaria
789 1294 887 1352 laxes:
1006 1304 1008 1308 ’
1034 1294 1091 1352 110

133 1388 226 1462 Inque
238 1388 301 1446 luto
314 1389 407 1446 fixum
420 1389 511 1474 possis
525 1392 725 1448 transcendere
739 1408 899 1462 nummum,

132 1485 196 1543 Neo
209 1486 303 1562 glutto
316 1488 431 1546 sorbere
444 1486 569 1544 salivam
584 1487 810 1544 Mercurialem?

174 1584 274 1641 “Haeo
286 1601 352 1641 mea
365 1591 441 1656 sunt,
457 1585 569 1655 teneo‚”
580 1601 670 1657 quum
685 1601 751 1640 vere
765 1582 880 1655 dixeris,
894 1589 956 1640 esto

131 1680 277 1756 Liberque
290 1698 326 1738 ac
339 1680 451 1757 sapiens
466 1679 636 1754 praetoribus
650 1687 679 1736 ct
692 1681 768 1738 Jove
782 1679 899 1737 dextro:

132 1777 185 1837 Sin
200 1786 242 1851 tu,
258 1796 349 1852 quum
362 1775 451 1835 fueris
465 1785 570 1834 nostrae
584 1775 673 1853 paulo
687 1783 755 1833 ante
769 1774 878 1850 farinae,

131 1875 305 1934 Pelliculam
319 1882 446 1934 veterem
460 1874 574 1947 retines,
589 1881 618 1931 et
632 1871 727 1931 fronte
742 1874 850 1950 politus

131 1973 271 2030 Astutam
286 1972 392 2047 vapido
407 1989 505 2030 serras
518 1973 703 2047 sub'peotore
716 1970 848 2047 vulpem:

132 2069 207 2140 Quae
221 2068 354 2127 dederam
367 2087 463 2146 supra,
480 2075 589 2144 repeto,
605 2065 759 2141 funemque
773 2069 894 2126 reduco:

131 2165 173 2224 Ni
187 2166 242 2225 tibi
255 2169 393 2226 concessit
406 2167 490 2238 ratio,
506 2166 631 2242 digitum
648 2183 757 2238 exsere,
771 2183 888 2241 peccas:

131 2263 173 2320 Et
187 2264 256 2338 quid
270 2271 332 2322 tam
346 2265 490 2340 parvum?
534 2264 592 2323 Sed
605 2263 685 2320 nullo
699 2264 785 2320 thure
799 2262 909 2336 litabis,
989 2275 992 2280 '
1033 2265 1090 2324 120

132 2360 253 2419 Haereat
265 2362 298 2418 in
311 2363 409 2420 stultis
421 2362 516 2420 brevis
531 2368 565 2418 ut
578 2361 727 2418 semuncia
740 2361 821 2419 recti.

132 2458 206 2544 Hac
218 2459 339 2516 miscere
351 2457 448 2526 nefas3
470 2477 532 2530 uec,
548 2475 639 2531 quum
653 2457 693 2514 sis
707 2465 802 2515 cetera
814 2456 918 2531 fossor,

132 2556 206 2614 Tres
217 2564 334 2614 tantum
347 2557 385 2614 ad
398 2573 533 2614 numeros
546 2563 679 2630 satyrum
692 2572 826 2613 moveare
839 2555 979 2632 Bathylli.

133 2652 248 2711 “Liber
260 2654 341 2728 ego.”
383 2652 470 2711 Unde
482 2653 584 2710 datum
598 2652 654 2709 hoo
668 2652 768 2723 sumis,
784 2658 830 2709 tot
844 2652 956 2710 subdite
969 2652 1075 2710 rebust

131 2747 182 2806 An
196 2748 347 2806 dominum
360 2748 484 2826 ignoras,
499 2748 556 2805 nisi
570 2766 658 2823 quem
671 2747 801 2806 vindicta
813 2727 949 2806 relaxati
969 2767 972 2775 ·

132 2845 149 2902 I
162 2863 241 2922 puer,
256 2854 286 2903 et
298 2846 423 2922 strigiles
437 2843 566 2921 Crispini
580 2845 618 2903 ad
631 2843 736 2926 balnea
749 2842 836 2915 defer,

132 2943 164 3000 Si
178 2943 330 3018 increpuit,
345 2959 437 3000 cessas
449 2943 595 3018 nugator?
617 2941 769 3000 servitium
783 2959 849 2999 acre

131 3040 175 3096 Te
186 3039 262 3097 nihil
275 3039 409 3116 impellit,
423 3057 477 3098 nec
491 3040 647 3115 quicquam
660 3041 840 3098 extrinsecus
853 3040 952 3112 intrat,

132 3136 219 3209 Quod
232 3155 335 3196 nervos
347 3138 453 3213 agitet:
475 3135 525 3195 sed
538 3136 563 3193 si
576 3137 656 3195 intus
670 3144 700 3195 et
713 3137 744 3194 in
753 3135 851 3212 jecore
864 3153 941 3212 aegro

131 3233 300 3291 Nascuntur
312 3233 431 3306 domini,
446 3232 497 3306 qui
510 3240 544 3289 tu
558 3233 732 3309 impunitior
744 3233 808 3290 exis
911 3265 913 3271 ·
1032 3235 1090 3292 130

132 3329 233 3402 Atque
247 3328 303 3400 hic,
319 3345 406 3400 quem
419 3328 458 3384 ad
471 3329 596 3404 strigiles
609 3311 720 3387 scutica
733 3336 763 3387 et
775 3335 871 3387 metus
884 3327 943 3404 egit
956 3327 1073 3386 herilis?

172 3426 262 3482 Mane
274 3424 357 3500 piger
370 3425 474 3482 stertis
517 3426 617 3501 Surge,
632 3425 730 3500 inquit
739 3425 895 3493 Avaritia3
916 3425 982 3483 heia
1089 3420 1091 3424 ’

133 3524 232 3598 Surge
269 3520 375 3596 Negas,
387 3521 487 3592 instat,
500 3519 602 3596 Surge,
614 3523 717 3595 inquit
748 3521 843 3580 “Non
857 3523 960 3597 queo?
989 3522 1088 3600 Surge.

133 3625 152 3654 “
162 3619 204 3676 Et
217 3617 289 3692 quid
302 3634 388 3692 agam
396 3617 428 3674 l”
471 3617 613 3692 Rogitas?
635 3619 768 3694 saperdas
780 3619 1008 3692 advehePonto,
1060 3673 1063 3680 .

133 3715 313 3786 castoreum,
329 3720 460 3789 stuppas,
477 3713 609 3785 ebenum,
624 3714 702 3785 thus,
717 3714 828 3771 lubrica
843 3715 923 3782 Coa3

132 3811 217 3866 Tolle
230 3785 328 3868 recens
339 3809 451 3886 primus
464 3809 546 3885 piper
559 3826 575 3867 e
589 3810 703 3867 sitiente
716 3811 835 3868 camelo.
