2672 4350
167 368 209 427 54
477 387 507 428 u.
523 385 613 428 sunu
636 349 816 430 Juvnnnnrs

167 518 211 576 Ut
223 517 350 592 phaleris
364 518 502 593 gauderet
515 535 614 592 equus,
629 519 788 593 caelataque
801 523 890 580 cassis

167 615 316 672 Romuleae
329 615 484 673 simulacra
498 615 565 672 ferse
578 634 776 694 mansuescere
783 617 874 691 jussae

168 712 288 786 Imperii
301 711 372 785 fato,
386 714 517 788 geminos
529 714 583 770 sub
596 731 669 788 rupe
682 714 831 786 Quirinos,

167 809 214 866 Ao
228 809 338 867 nudam
351 810 474 885 effigiem
487 811 589 886 clypeo
603 811 743 868 venientis
757 819 787 868 et
800 812 888 870 hasta

168 907 381 980 Pendentisque
394 906 460 980 Dei,
475 907 605 982 perituro
620 908 783 965 ostenderet
796 909 884 967 hosti.

168 1003 293 1078 Argenti
307 1003 385 1077 quod
399 1010 471 1076 erat,
486 1005 554 1062 solis
568 1003 698 1080 fulgebat
711 1006 742 1062 in
756 1006 854 1063 armis.

167 1103 320 1159 Ponebant
333 1101 424 1177 igitur
436 1101 533 1159 'I'usco
546 1101 655 1160 farrata
669 1103 786 1170 eatin0;

168 1198 277 1258 Omnia
291 1206 372 1271 tunc,
387 1200 493 1272 quibus
505 1199 645 1272 invideas,
661 1201 686 1258 si
700 1200 840 1261 lividulus
854 1202 903 1260 sis.

167 1296 356 1371 Templorum
369 1314 485 1371 quoque
498 1296 634 1371 majestas
649 1300 825 1373 praesentior,
838 1308 867 1357 et
880 1317 939 1358 vox
1068 1298 1127 1356 110

167 1393 262 1452 Nocte
275 1393 334 1452 fere
348 1395 451 1467 media,
466 1395 649 1469 mediamque
662 1396 764 1456 audita
777 1415 828 1471 per
841 1399 952 1470 urbem,
1031 1397 1038 1412 '

167 1492 267 1550 Litore
280 1495 318 1551 ab
332 1492 441 1552 Oceani
457 1492 554 1550 Gadis
566 1494 750 1552 venientibus
762 1502 792 1551 et
806 1495 862 1552 Dis
915 1559 924 1566 -

169 1589 304 1649 Officium
318 1589 394 1648 vatis
408 1590 619 1665 peragentibus,
634 1590 680 1648 his
696 1591 810 1648 monuit
822 1609 883 1649 nos.

169 1689 257 1746 Hane
270 1689 355 1748 rebus
367 1688 462 1746 Latiis
475 1705 577 1745 curam
592 1696 728 1763 praestare
742 1689 852 1746 solebat

169 1787 284 1844 Fictilis
297 1793 326 1844 et
340 1785 421 1844 nullo
433 1786 560 1844 violatus
572 1785 689 1862 Jupiter
703 1805 782 1846 auro.

168 1883 227 1940 Illa
239 1883 318 1941 domi
330 1890 416 1941 natas
428 1890 585 1956 nostraque
598 1901 636 1940 ex
649 1885 752 1942 arbore
765 1901 879 1943 mensas

168 1983 314 2058 Tempora
326 1981 478 2040 viderunt:
499 1980 553 2038 hos
567 1980 681 2056 lignum
694 1983 792 2039 stabat
804 1981 836 2040 in
850 2001 928 2056 usus,

169 2081 322 2138 Annosam
337 2079 361 2136 si
375 2076 450 2142 forte
462 2096 567 2136 nucem
581 2076 725 2152 dejecerat
738 2079 844 2140 Eurus.

169 2178 213 2236 At
226 2195 304 2235 nuno
317 2175 455 2234 divitibus
468 2175 600 2233 coenandi
614 2175 696 2234 nulla
710 2178 852 2252 voluptas,

168 2276 221 2333 Nil
234 2274 382 2346 rhombus,
397 2273 441 2333 nil
455 2274 542 2331 dama
555 2273 640 2347 sapit,
655 2282 756 2348 putere
768 2272 903 2332 videntur
1067 2272 1126 2331 120

169 2373 327 2449 Unguenta
340 2379 429 2447 atque
441 2389 523 2442 rosae,
539 2371 616 2426 latos
628 2371 683 2426 nisi
697 2353 821 2427 sustinet
835 2372 918 2428 orbes

170 2470 289 2528 Grande
303 2471 383 2540 ebur,
396 2477 426 2526 et
438 2485 544 2542 magno
558 2467 690 2524 sublimis
702 2467 809 2540 pardus
821 2467 913 2537 hiatu,

69 2616 74 2621 .
168 2566 313 2625 Dentibus
327 2564 443 2636 axillis,
459 2582 531 2637 quos
543 2562 635 2620 mittit
649 2571 735 2637 porta
749 2563 857 2639 Syenes

168 2663 210 2721 Et
223 2662 322 2720 Mauri
336 2661 441 2718 celeres
455 2669 484 2718 et
499 2661 606 2718 Mauro
620 2660 771 2717 obscurior
783 2660 885 2734 Indus,

169 2761 210 2818 Et
223 2777 296 2834 quos
308 2758 443 2835 deposuit
456 2755 621 2816 Nabathaeo
634 2758 731 2815 bellua
744 2757 830 2830 saltu,

168 2857 191 2916 J
191 2876 239 2915 am
252 2856 359 2915 nimios
373 2856 517 2933 capitique
530 2872 642 2932 graves.
685 2855 765 2912 Hine
778 2855 872 2931 surgit
884 2856 988 2930 orexis,

170 2954 252 3012 Hine
265 2954 416 3012 stomacho
430 2954 513 3010 bilis:
536 2971 605 3011 nam
619 2970 670 3027 pes
684 2960 837 3028 argenteus
852 2953 917 3026 illis,

170 3051 308 3110 Annulus
321 3051 353 3109 in
365 3051 457 3128 digito
469 3051 547 3124 quod
561 3049 676 3108 ferreus.
720 3043 800 3127 Ergo
813 3054 967 3126 superbum

171 3150 332 3209 Convivam
345 3168 443 3222 caveo,
457 3146 508 3224 qui
521 3166 569 3206 me
581 3149 635 3207 sibi
650 3157 810 3224 comparat,
825 3157 855 3206 et
869 3167 915 3207 res

170 3247 303 3322 Despicit
317 3247 446 3323 exiguas.
489 3247 575 3304 Adeo
588 3247 670 3305 nulla
683 3247 866 3305 uncianobis
1031 3248 1033 3252 ’
1069 3247 1127 3306 130

171 3343 226 3403 Est
239 3345 341 3417 eboris,
356 3362 410 3401 nec
423 3344 551 3416 tessellae,
564 3362 618 3401 nee
631 3344 760 3402 calculus
773 3361 811 3400 ex
823 3345 880 3400 hac

170 3442 315 3499 Materia:
337 3441 408 3514 quin
421 3441 487 3517 ipsa
500 3440 653 3499 manubria
668 3441 853 3498 cultellorum
871 3459 874 3464 ·

171 3540 279 3600 Ossea:
300 3546 471 3596 nontamen
485 3538 531 3596 his
544 3538 605 3596 ulla
617 3557 745 3611 unquam
760 3537 881 3613 opsonia
892 3537 967 3596 fiunt

170 3635 343 3706 Rancidula‚
359 3643 411 3693 aut
424 3636 488 3692 ideo
501 3633 584 3709 pejor
596 3635 706 3710 gallina
722 3642 844 3692 secatur.

172 3735 228 3792 Sed
242 3751 296 3792 nec
308 3741 433 3791 structor
447 3733 510 3801 erit,
526 3733 573 3788 cui
587 3731 687 3790 cedere
700 3732 802 3789 debeat
817 3733 910 3790 omnis

171 3830 305 3910 l'ergula,
321 3829 478 3902 discipulus
493 3829 636 3925 'frypheri
651 3829 785 3901 doctoris,
801 3831 878 3904 apud
892 3847 978 3904 quem
