2672 4350
172 347 216 405 42
480 361 512 403 n.
530 359 619 406 sunu
643 356 821 402 Juvnnsnrs

171 496 282 555 Nostra
294 496 332 554 sit
345 512 414 552 arca
425 492 496 566 loro.
539 492 597 551 Sed
610 491 694 550 nulla
706 491 823 548 aconita
835 489 976 549 bibuntur

172 594 344 652 Fictilibus:
366 598 439 649 tunc
451 589 505 648 illu
518 589 595 662 time,
611 607 703 664 quum
717 586 823 664 pocula
835 603 930 644 sumes

173 691 339 762 Gemmata,
350 696 380 745 et
392 687 455 746 leto
469 686 604 745 Setinum
617 685 730 744 ardebit
743 685 773 742 in
789 702 868 742 auro.

172 790 278 846 Jamne
292 768 383 863 igitur
395 784 507 856 landas,
522 784 599 858 quod
613 784 649 840 de
662 782 843 858 sapientibus
857 781 932 838 alter

173 884 312 956 Ridebat,
323 883 437 958 quoties
449 882 485 938 de
498 880 600 938 limine
614 887 745 938 moverat
757 897 849 936 unum

172 981 395 1054 Protuleratque
408 980 527 1054 pedem;
549 978 638 1036 flebat
652 977 815 1035 contrarius
827 977 919 1034 alteri
1090 973 1131 1031 30

166 1079 231 1156 ¹Sed
245 1077 340 1137 facilis
355 1079 447 1136 cuivis
461 1076 548 1153 rigidi
563 1094 686 1134 censura
699 1076 848 1134 cachinni:
1001 1061 1007 1072 '

172 1176 342 1234 Mirandum
355 1182 408 1245 est,
421 1175 497 1235 unde
511 1175 559 1232 ille
574 1174 666 1233 oculis
679 1173 823 1232 suffecerit
836 1174 949 1232 humor.

172 1275 318 1349 Perpetuo
331 1274 391 1330 risu
404 1273 572 1348 pulmonem
587 1272 698 1348 agitare
711 1273 821 1330 solebat

172 1370 367 1452 Democritus,
383 1387 550 1444 quanquam
564 1387 623 1427 non
637 1377 711 1427 esset
724 1369 843 1427 urbibus
856 1367 917 1426 illis

106 1494 117 1514 ι-
173 1470 323 1525 Praetexta
336 1474 366 1524 et
379 1468 496 1539 trabem,
510 1447 609 1538 fasces,
625 1466 737 1537 lectica,
755 1465 891 1522 tribunal.

174 1566 262 1638 Quid,
278 1566 302 1622 si
317 1565 435 1624 vidisset
448 1571 601 1638 praetorem
616 1563 747 1621 curribus
761 1562 830 1621 altis

174 1663 356 1732 Exstcntem,
370 1667 399 1718 et
413 1661 508 1718 medio
519 1660 671 1719 sublimem
685 1661 716 1716 in
730 1659 850 1736 pulvere
864 1659 953 1732 Circi,

174 1760 210 1816 In
224 1759 324 1816 tunica
336 1759 357 1817 J
358 1748 430 1831 ovis,
444 1765 474 1814 et
487 1757 575 1833 pictae
588 1757 719 1816 Sarrana
730 1755 870 1814 ferentem
897 1835 900 1838 Ι

174 1857 223 1913 Ex
235 1856 363 1912 humeris
376 1855 470 1912 aulaea
484 1862 568 1931 loges,
579 1872 749 1930 magnaeque
762 1873 876 1916 corones

174 1955 304 2010 Tantum
318 1954 425 2023 orbem,
442 1959 552 2025 quanto
565 1954 667 2010 cervix
679 1971 739 2011 non
752 1953 857 2010 sufficit
870 1952 953 2038 ullal
1090 1953 1132 2012 40

175 2046 291 2126 Quippe
305 2057 384 2107 tenet
397 2049 505 2108 sudans
519 2050 596 2108 hanc
609 2051 750 2126 publicus,
765 2059 803 2124 et,
819 2051 873 2109 sibi
888 2049 998 2110 Consul

173 2147 220 2206 Ne
234 2147 356 2224 placeat,
369 2165 456 2206 curru
471 2156 718 2236 servustportatur
731 2149 840 2206 eodem.

174 2248 224 2305 Da
236 2265 313 2304 nuno
326 2254 356 2304 et
368 2247 524 2318 volucrem,
539 2254 653 2322 sceptro
667 2264 732 2320 quae
745 2247 841 2322 surgit
856 2248 974 2330 eburno,

175 2344 263 2402 Illinc
277 2345 444 2417 cornicines,
459 2344 528 2401 hinc
542 2344 734 2418 praecedentia
747 2345 827 2420 longi

174 2442 311 2517 Agminis
324 2441 427 2513 officia,
439 2447 468 2497 et
481 2441 581 2498 niveos
595 2441 632 2496 nd
646 2439 736 2498 srssna
751 2441 890 2512 Quirites,
899 2447 920 2487 fl
935 2477 942 2492 ·
1050 2437 1054 2444 ’

175 2537 299 2596 Defosm
312 2537 344 2595 in
357 2537 459 2596 loculis
472 2555 545 2610 quos
558 2538 690 2612 sportula
702 2537 771 2596 feeit
784 2539 899 2595 amicos.

175 2637 254 2692 Tum
267 2651 381 2708 quoque
395 2634 638 2710 materiamrisus
650 2635 761 2692 invenit
775 2636 813 2692 ad
827 2653 926 2693 ornnes

176 2733 322 2792 Occursus
336 2732 497 2805 hominum,
512 2730 594 2805 cujus
608 2733 762 2807 prudentia
775 2740 919 2792 monstrat

177 2831 312 2890 Summos
325 2847 409 2906 posse
421 2830 499 2888 viros
512 2836 542 2888 et
556 2847 664 2904 magna
677 2831 811 2906 exempla
823 2830 942 2888 daturos

111 3002 114 3009 Ι
176 2930 339 2986 Vervecum
351 2927 381 2985 in
396 2927 498 3010 patria
506 2945 657 3002 crassoque
671 2929 724 2986 snb
737 2947 802 2986 aere
816 2929 904 2986 nasci.
1094 2929 1133 2986 50

177 3027 302 3084 Ridebat
314 3043 408 3098 curus,
422 3043 476 3084 nec
489 3045 549 3084 non
561 3034 592 3084 et
604 3025 712 3102 gaudis
725 3027 815 3103 vulgi,

176 3124 329 3182 Interdum
343 3132 373 3183 et
385 3123 528 3197 lacrimas,
542 3141 634 3198 quum
647 3124 789 3184 Fortunse
802 3125 865 3201 ipse
877 3125 985 3184 minaci

178 3223 332 3280 Mendai-et
345 3221 491 3296 laqueum,
505 3221 866 3298 mediumque-ostenderet
879 3240 1013 3298 unguem.
1036 3272 1040 3291 ,

217 3319 297 3394 Ergo
309 3337 493 3395 supervacua
503 3319 566 3378 haec
575 3324 632 3378 aut
646 3321 808 3396 perniciosa
821 3327 967 3395 petuntur,

177 3418 302 3491 Propter
313 3433 379 3490 qum
391 3414 436 3474 fas
450 3423 493 3474 est
506 3433 601 3492 genua
613 3418 742 3476 incerare
755 3418 882 3476 deorum.
905 3451 922 3481 .

178 3511 326 3585 Quosdam
340 3512 503 3590 praeoipitat
516 3512 648 3588 subjecta
660 3515 794 3589 potentia
807 3531 920 3588 magnes

177 3608 317 3678 Invidiae3
338 3610 443 3687 mergit
457 3609 546 3686 longa
559 3617 647 3685 atque
659 3611 780 3686 insignis
792 3611 937 3668 honorum

176 3707 309 3782 Pagina3
331 3706 507 3765 descendunt
520 3715 623 3764 statues
636 3715 806 3782 restemque,
812 3713 982 3780 sequuntur.
1053 3735 1070 3763 s

112 3833 117 3844 ·
179 3803 262 3877 lpsas
276 3803 379 3860 deinde
393 3813 473 3860 rotas
487 3803 619 3877 bigarum
633 3804 761 3877 impacta
774 3805 880 3862 securis
