2672 4350
471 393 474 396 .
558 335 673 405 sirini
697 366 763 406 xrv.

527 769 685 830 SATIRA
706 771 794 830 XIV.

177 907 326 964 Prnmm
339 908 419 974 sunt,¹
432 901 567 973 Fuscine,
583 909 612 959 et
626 901 706 960 fama
719 902 807 978 digna
820 901 938 960 sinistre

177 1001 220 1060 Et
235 1000 335 1058 nitidis
349 999 496 1056 maculam
508 997 654 1056 haesuram
669 999 787 1074 figentia
800 1000 895 1070 rebus,

179 1099 255 1170 Quae
269 1103 433 1156 monstrant
446 1095 503 1172 ipsi
517 1095 614 1170 pueris
627 1096 805 1168 traduntque
819 1083 960 1170 parentes.

180 1197 214 1254 si
230 1196 370 1253 damnosa
383 1212 481 1251 senem
489 1191 578 1266 juvat
592 1191 663 1263 alea,
679 1193 755 1249 ludit
767 1201 797 1250 et
810 1193 894 1250 heres

179 1293 327 1364 Bullatus,
342 1308 490 1366 parvoque
504 1290 605 1348 eadem
619 1298 717 1347 movet
730 1307 811 1348 arma
825 1289 937 1347 fritillo.

129 1440 152 1466 A,
180 1390 244 1449 Nee
256 1390 361 1456 melius
374 1389 409 1446 de
422 1407 453 1446 se
467 1389 603 1462 cuiquam
617 1405 732 1464 sperare
746 1388 909 1462 propinquo

182 1487 328 1548 concedet
336 1485 463 1561 juvenis,
479 1487 530 1562 qui
544 1486 645 1544 radere
659 1485 762 1543 tubera
775 1492 868 1556 terrae,

166 1584 321 1642 ‚Boletum
334 1585 451 1660 condire
465 1592 495 1642 et
509 1585 611 1642 eedem
619 1581 688 1656 jure
701 1589 836 1640 natantes

181 1683 315 1757 Mergere
328 1681 466 1748 fieedulas
479 1680 590 1752 didicit,
606 1679 749 1738 nebulone
763 1685 881 1757 parente

182 1779 224 1836 Et
238 1797 310 1837 cana
322 1786 505 1838 monstrante
519 1779 599 1856 gula.
642 1779 742 1850 Quum
755 1777 894 1854 septimus
908 1793 1002 1836 annus
1103 1777 1142 1834 10

182 1875 346 1934 Transierit
359 1894 458 1950 puero,
473 1875 603 1936 noudum
617 1875 697 1932 omui
710 1875 797 1932 dente
810 1881 921 1946 renato,

182 1973 329 2030 Barbatos
341 1973 410 2030 licet
424 1971 578 2030 admoveas
591 1972 673 2029 mille
686 1972 754 2030 inda
767 1973 930 2048 magistros,

183 2071 263 2127 Hine
277 2070 406 2142 totidem,
422 2070 520 2144 cupiet
533 2069 616 2127 lauto
630 2075 744 2127 coenare
758 2077 864 2145 paratu

184 2167 313 2242 Semper,
327 2175 357 2224 et
371 2184 390 2224 a
402 2184 510 2242 magua
523 2185 582 2224 non
595 2166 767 2242 degenerare
782 2167 888 2225 culina.

183 2265 291 2322 Mitem
305 2265 437 2321 animum
452 2271 481 2322 et
495 2281 590 2324 mores
602 2264 724 2322 modieis
739 2265 885 2322 erroribus
897 2281 996 2338 aequos

183 2362 330 2438 Praecipit,
345 2370 433 2435 atque
446 2361 560 2420 animas
573 2379 721 2420 servorum
735 2369 764 2420 et
779 2379 901 2438 corpora
914 2367 1014 2419 nostra
1084 2359 1085 2362 ’

184 2460 312 2516 Materia
325 2465 457 2517 constare
471 2465 557 2535 putat
570 2459 745 2534 paribusque
759 2459 928 2518 elementis?

184 2557 237 2615 An
250 2557 350 2615 saevire
363 2557 448 2616 docet
461 2557 588 2628 Rutilus,
604 2557 656 2630 qui
669 2556 776 2632 gaudet
789 2559 892 2617 acerbo

182 2655 344 2730 Plagarum
357 2655 482 2730 strepitu
495 2662 526 2712 et
537 2653 650 2714 nullam
666 2655 770 2714 Sirena
781 2655 904 2733 flagellis
994 2663 999 2672 '

187 2752 355 2827 Comparat,
367 2751 545 2826 Antiphates
559 2751 667 2826 trepidi
681 2751 765 2810 Laris
779 2770 814 2812 ae
826 2752 1034 2830 Polyphemus,
1105 2751 1145 2810 20

186 2850 264 2907 Tum
279 2847 358 2921 felix,
373 2849 487 2922 quoties
499 2847 607 2923 aliquis
619 2856 730 2907 tortore
744 2857 847 2908 vocato

186 2947 292 3004 Uritur
305 2946 418 3004 ardenti
432 2945 490 3004 duo
504 2953 624 3022 propter
636 2946 730 3004 lintea
741 2943 841 3006 ferro?
935 2967 936 2972 ¹

187 3044 267 3116 Quid
281 3044 383 3100 suadet
391 3041 493 3116 juveni
506 3042 593 3102 laetus
606 3043 728 3102 stridore
742 3051 860 3115 catenae,

187 3141 283 3211 Quem
297 3139 369 3196 miro
383 3139 513 3198 afficiunt
526 3140 668 3218 iuscripta
681 3140 835 3218 ergastula,
850 3157 949 3198 career

187 3238 345 3295 Rusticus?
656 3253 658 3258 ·
709 3257 715 3266 ·

188 3334 239 3392 Sie
251 3341 359 3392 natura
367 3332 470 3408 jubet:
492 3335 620 3394 velooius
633 3344 663 3394 et
677 3335 764 3394 eitius
777 3353 831 3394 nos

189 3431 389 3508 Corrumpunt
401 3434 540 3492 vitiorum
554 3432 689 3509 exempla
702 3433 869 3508 domestice,
883 3433 997 3511 magnis

189 3528 288 3601 Quum
301 3531 426 3588 subeunt
439 3530 553 3588 animos
566 3531 740 3590 auctoribus
783 3532 870 3590 Unus
882 3539 911 3589 et
925 3533 1000 3590 alter
1089 3529 1095 3540 ’

188 3626 325 3685 Forsitan
337 3628 400 3686 hec
413 3633 550 3702 spernant
559 3626 688 3702 juvenes,
703 3628 808 3702 quibus
824 3636 888 3688 arte
901 3630 1026 3706 benigna

188 3722 230 3780 Et
243 3723 362 3781 meliore
375 3722 440 3780 luto
452 3724 538 3780 finxit
552 3725 711 3799 praecordia
723 3725 829 3782 'litanr
1106 3720 1147 3779 30

189 3819 248 3878 Sed
261 3819 389 3898 reliquos
401 3818 538 3895 fugienda
551 3827 669 3895 patrum
682 3819 803 3894 vestigia
816 3818 936 3889 ducunt,
