2672 4350
598 378 714 426 saitica
737 381 760 425 1.

198 519 331 593 Bassaris,
346 527 371 576 et
385 520 484 594 bruun
496 517 603 576 Morta:
608 517 721 591 flexura
735 516 862 591 corymbi

198 619 291 676 Eetion
305 618 468 692 ingeminat:
487 615 645 690 regiae-abibis
658 623 764 672 catenat
776 617 864 674 Eeho.

199 716 274 772 Haec
287 715 397 787 fierent,
413 713 438 771 si
451 712 577 770 testiculi
591 729 667 769 vena
680 711 742 768 ulla
756 712 870 786 paterni

200 809 323 872 Viveret
336 812 368 869 in
381 811 486 868 nobis?
508 825 623 867 summa
635 808 770 866 delumbe
783 809 877 866 saliva
910 884 913 891 ι

199 912 267 968 Hoc
280 917 382 978 natat:
403 909 437 967 in
446 908 540 966 'labris
553 914 583 966 et
596 907 629 964 in
642 907 700 969 udo
714 915 759 965 est
772 909 885 1002 ldaenas
899 914 929 965 et
941 907 1038 986 Atys:

198 1007 263 1067 Nec
276 1007 408 1084 pluteum
422 1005 516 1078 oaedit,
530 1004 749 1067 necfldcmcrsos
758 1006 836 1082 sapit
849 1007 963 1082 unguis.

242 1105 327 1164 “Sed
340 1098 497 1179 quidopus
508 1109 623 1181 teneras
636 1103 766 1160 mordaci
779 1103 880 1162 radere
893 1121 962 1161 vero

199 1201 375 1260 Auriculesl
392 1195 519 1272 videsis,
533 1217 571 1256 ne
584 1197 731 1272 majorum
744 1199 799 1260 tibi
813 1198 887 1258 forte
943 1213 948 1226 ·

198 1298 318 1356 Limina
330 1295 505 1374 frigescant:
527 1303 613 1354 sonat
626 1297 676 1356 hic
689 1297 725 1354 de'
738 1315 808 1354 nare
822 1297 929 1356 canina
1099 1297 1157 1358 110

199 1397 340 1455 Littera’'
381 1398 440 1453 Per
452 1412 501 1452 me
515 1395 634 1470 quidem
647 1393 706 1455 sint
719 1395 820 1453 omnia
831 1397 964 1472 protinus
977 1396 1062 1463 alba:

199 1493 251 1552 Nil
263 1510 370 1552 moror.
412 1491 511 1569 Euge!
534 1509 644 1565 omnes,
659 1510 758 1551 omnes
770 1493 843 1551 bene
856 1493 937 1550 mirae
950 1492 1030 1550 eritis
1043 1491 1101 1550 rea!
1155 1509 1156 1513 ’

200 1591 266 1648 Hoc
274 1589 383 1665 juvati
425 1589 495 1663 Hic,
506 1588 614 1664 inquis,
628 1597 696 1649 veto
708 1591 863 1666 quisquam
876 1589 953 1650 faxit
965 1591 1082 1650 oletum.

200 1687 292 1764 Pinge
305 1687 378 1746 duos
393 1703 518 1764 angues:
540 1688 632 1763 pueri,
646 1695 784 1748 sacar'est
797 1689 886 1747 loeus:

199 1785 334 1844 Discedo.
376 1783 622 1844 Saeuit-Lucilius
635 1787 746 1860 urbem,

199 1883 251 1954 Te,
266 1882 358 1958 Lupe,
373 1889 411 1957 te,
426 1883 518 1956 Muci,
533 1889 563 1940 et
575 1883 734 1958 genuinum
742 1882 837 1960 fregit
847 1884 881 1941 in
891 1883 967 1944 illis:

200 1971 296 2040 Omne
309 1977 391 2038 vafer
403 1980 511 2039 vitium
523 1979 630 2038 ridenti
644 1980 767 2040 Flaccus
779 1981 874 2040 amico
917 1987 919 1992 '

134 2103 139 2110 ·
199 2076 317 2152 Tangit,
331 2083 365 2136 et.
376 2076 519 2135 admissus
533 2077 642 2135 circum
653 2077 817 2152 ‘praecordia
827 2076 913 2150 ludit,

190 2172 332 2232 ‘Callidus
347 2179 469 2232 excu'ss'o
481 2172 629 2250 populum
637 2174 810 2249 suspendere
822 2179 911 2232 naso:

199 2270 278 2330 Men’
293 2271 400 2330 mutire
409 2269 520 2330 nelasi'
537 2287 594 2329 nec
604 2270 690 2344 clam,
700 2275 758 2328 ‘nec'
771 2273 837 2329 cum
850 2271 1122 2346 scrobesnusquam.

200 2368 261 2427 Hic
274 2375 374 2428 tamen
387 2367 536 2428 infodiam.
577 2367 658 2441 Vidi,
673 2368 735 2426 vidi
748 2369 817 2445 ipse,
831 2368 943 2426 libelle:
1099 2371 1155 2430 120

200 2468 360 2528 Anniculae
369 2469 450 2526 asini
463 2468 548 2526 Mida
561 2483 614 2525 rex
627 2467 724 2525 habet.
765 2467 833 2525 Hoc
846 2485 899 2544 ego
912 2473 1054 2545 opertum,
1234 2467 1237 2472 ’

200 2563 267 2624 Hoc
280 2567 374 2625 ridere
387 2583 496 2639 meum,
510 2573 573 2623 tam
585 2565 637 2637 nil,
653 2565 737 2638 nulla
747 2565 803 2622 tibi
816 2566 908 2624 vendo

200 2663 305 2722 Iliade.
343 2663 460 2722 Audaci
473 2663 749 2737 quicunque'afflate
764 2661 893 2737 Cratino,

200 2759 761 2837 IratumiEupolidcmprae'grandicum
775 2775 842 2817 sene
852 2761 952 2835 palles,
989 2769 993 2775 ’
1073 2770 1076 2790 ¹

200 2856 311 2934 Aspice
324 2865 355 2914 et
367 2858 439 2931 haec,
454 2857 481 2914 si
494 2855 568 2914 forte
581 2855 692 2928 aliquid
705 2855 857 2913 decoctius·
865 2856 956 2914 audis

201 2953 273 3013 Inde
285 2961 428 3030 vaporata
441 2952 535 3010 lector
544 2952 620 3009 mihi
631 2948 742 3009 ferveat
754 2968 834 3025 aure,
861 2972 865 2982 ·
900 2953 902 2960 '

200 3050 269 3110 Non
281 3051 339 3122 hic,
354 3051 405 3124 qui
418 3049 450 3105 in
464 3047 594 3122 crepidas
605 3045 765 3104 Graiorum
777 3046 877 3104 ludere
889 3048 983 3124 gestit,
1120 3115 1122 3118 ¹

84 3193 91 3208 .
200 3147 350 3220 Sordidus,
365 3152 394 3202 et
406 3144 490 3202 lusco'
501 3143 553 3217 qui
566 3141 659 3217 possit
671 3141 777 3214 dicere,
789 3141 892 3216 Lus'oe,

201 3245 272 3304 Sese
285 3245 412 3319 aliquem
426 3241 551 3314 credens,
566 3238 645 3298 Italo
658 3239 740 3314 quod
750 3238 859 3298 honore
872 3240 993 3316 supinus
1099 3245 1156 3304 130

69 3361 74 3365 ·
201 3342 333 3420 Fregerit
345 3342 478 3416 heminas
486 3340 589 3413 Arreti
602 3337 696 3397 aedilis
708 3337 851 3412 iniquas:
870 3357 874 3364 ·

200 3439 264 3500 Nec
277 3441 329 3514 qui
342 3441 433 3498 abaco
445 3443 588 3512 numeres,
596 3436 773 3510 'etisectorin'
779 3435 903 3512 cultus
914 3445 1008 3498 metae
1046 3445 1048 3450 “

202 3537 265 3598 Scit
277 3537 373 3596 risisse
385 3535 475 3610 vafer,
489 3537 627 3594 multum
630 3535 754 3612 gaudere
766 3539 895 3611 paratus,

202 3633 237 3692 Si
251 3633 351 3710 cynico
364 3634 484 3698 barbam
497 3633 633 3708 petulans
643 3632 768 3690 nonaria
779 3633 878 3691 vallat.
898 3637 901 3646 ’

202 3729 261 3789 His
273 3747 360 3790 mane
372 3729 507 3804 edietum,
522 3736 587 3806 post
599 3729 724 3805 prandia
738 3727 905 3788 Callirhoen
919 3730 964 3786 do.
