2654 4348
566 329 682 372 SATlRA
704 330 734 370 V.
757 333 763 340 '

86 548 88 552 Ι
113 465 116 472 ’
175 467 374 526 Contemnunt
387 464 512 520 mediam
525 463 677 520 temeraria
689 461 751 517 lina
764 458 952 533 Charybdim.
1045 429 1046 432 Ἴ

175 565 236 622 Vos
249 563 379 638 anguilla
391 568 490 619 manet
502 560 595 634 longa
610 566 734 634 cognata
747 558 881 625 colubrae,

175 662 239 718 Aut
252 660 344 734 glaeie
357 675 488 734 aspersus
500 656 622 714 maculis
635 655 798 724 Tiberinus,
808 661 843 709 *et
856 652 917 728 ipse

174 755 305 830 Vemula
317 753 455 828 riparum,
469 751 586 828 pinguis
599 757 725 808 torrente
739 749 845 821 cloaca,

175 852 216 909 Et
231 851 330 908 solitus
343 850 443 907 mediae
456 855 589 924 cryptam
603 855 753 921 penetrare
767 847 897 904 Subura.

216 947 279 1022 Ipsi
292 964 386 1021 pauca
398 946 494 1016 velim,
509 943 624 1004 facilem
638 945 663 1001 si
675 945 803 1019 praebeat
816 959 925 1000 aurern.

176 1043 271 1101 Nemo
283 1044 365 1118 petit,
380 1043 499 1100 modicis
513 1059 577 1114 quse
591 1042 781 1099 mittebantur
794 1030 894 1096 a'miois

176 1140 208 1197 Α
222 1141 340 1212 Seneca,
355 1156 419 1212 quae
432 1139 501 1194 Piso
515 1139 618 1210 honus,
631 1155 696 1210 quae
710 1137 800 1196 Cotta
813 1136 923 1194 solebat

176 1235 309 1312 Largiri:
331 1252 455 1308 namque
470 1241 500 1290 et
513 1233 651 1290 titulis-et
665 1232 789 1292 fascibus
802 1232 872 1288 olim
1072 1230 1130 1288 110

176 1331 278 1404 Major
289 1332 453 1388 habebatur
465 1330 591 1388 donandi
604 1330 712 1406 gloria:
734 1329 828 1388 solum
865 1357 868 1364 ·

176 1429 337 1501 Posuimus,
353 1437 387 1486 ut
399 1445 496 1485 coenes
511 1427 642 1486 civiliter.
687 1426 756 1484 Hoc
769 1424 831 1483 face
845 1432 874 1481 et
888 1432 959 1498 esto,

177 1525 259 1597 Esto,
274 1533 308 1582 ut
321 1543 399 1606 nunc
411 1526 506 1598 multi,
521 1525 602 1582 dives
616 1525 679 1597 tibi,
694 1522 929 1600 pauper'amicis.

216 1621 337 1680 Anseris
350 1631 418 1680 ante
432 1619 744 1698 ipsum-magni-jecur,
758 1621 907 1680 anseribus
920 1638 974 1698 par

177 1719 289 1793 Altilis,
304 1728 334 1777 et
347 1720 414 1778 flavi
429 1720 532 1797 dignus
546 1717 621 1778 ferro
634 1718 775 1796 Meleagri
858 1743 861 1746 ·

178 1817 287 1874 Fumat
301 1835 385 1893 aper:
408 1818 566 1893 posthunc
579 1818 730 1876 tradentur
742 1818 854 1889 tubera,
868 1816 894 1874 si
907 1833 959 1873 ver

178 1915 263 1972 Tunc
276 1915 331 1972 erit
345 1922 375 1972 et
387 1913 494 1974 facient
507 1923 608 1990 optma
622 1914 751 1972 tonitrua
764 1933 866 1972 coenas

178 2009 318 2084 Majores.
361 2011 456 2069 “Tibi
469 2012 544 2070 habe
557 2009 762 2082 frumentum,”
774 2011 903 2068 Allidius
916 2009 1020 2086 inquit,

182 2107 236 2167 “O
248 2105 356 2183 Libye:
378 2106 508 2183 disjunge
522 2109 618 2178 boves,
635 2107 704 2166 dum
718 2109 822 2164 tubera
832 2108 959 2164 mittas.’'

220 2203 400 2262 Structorem
412 2204 532 2276 interea,
546 2221 584 2260 ne
595 2187 657 2276 ¹qua
668 2203 827 2279 indignatio
840 2202 923 2274 desit,
1074 2202 1132 2260 120

180 2299 342 2357 Saltantem
356 2308 469 2376 spectas
482 2309 512 2358 et
525 2287 748 2358 chironomunta
761 2299 872 2358 uolanti
965 2321 968 2328 ·

181 2395 317 2468 Cultello,
332 2396 422 2454 donec
435 2405 555 2473 peragat
568 2397 678 2454 dictata
691 2396 822 2472 magistri
844 2421 848 2428 >

182 2492 296 2550 Omnia
339 2493 402 2552 Neo
415 2493 537 2552 minimo
547 2511 619 2552 ‘sane
631 2493 797 2554 discrimine
810 2489 906 2565 refert,

181 2589 248 2660 Quo
261 2597 344 2664 gestu
356 2589 467 2665 lepores
482 2599 511 2647 et
524 2607 582 2665 quo
596 2591 706 2666 gallina
719 2598 844 2648 secetur.-

181 2683 303 2742 Duoeris
317 2685 427 2759 planta,
442 2686 525 2743 velut
537 2687 614 2744 ictus
628 2687 666 2757 ab
680 2687 807 2744 Hercule
818 2685 922 2758 omas,

182 2781 222 2838 Et
235 2799 341 2856 ponere
354 2780 432 2853 foris,
447 2783 473 2840 si
487 2785 558 2855 quid
572 2785 729 2844 tentaveris
742 2803 871 2858 unquam

182 2881 311 2952 Hiscere,
326 2889 466 2953 tanquam
477 2882 656 2940 habeas'tria
669 2885 796 2940 nomina.
838 2880 963 2954 Quando
976 2880 1113 2958 propinat

181 2976 270 3034 Virro
284 2977 497 3050 tibi-sumitque
510 2978 568 3034 tuis
581 2987 715 3036 contacta
727 2978 841 3036 labellis

182 3072 315 3131 Pocula?
336 3072 402 3145 quis
414 3079 543 3130 vestrum
556 3073 726 3131 temerarius
739 3091 829 3146 usque
842 3073 923 3144 adeo,
937 3074 1001 3146 quis
1106 3101 1108 3105 ·

182 3168 327 3252 Iferditus,
341 3176 376 3225 ut
389 3168 468 3225 dicat
481 3168 552 3243 regi,
565 3173 584 3204 “
593 3167 696 3228 brbel'’
736 3169 966 3242 Plurimasunt,
976 3187 1040 3244 qnae
1058 3187 1061 3191 ·
1076 3171 1133 3230 130

182 3263 251 3322 Non
264 3265 373 3322 audent
387 3265 523 3324 homines·
531 3273 649 3339 pertusa
662 3265 755 3324 dicere
768 3265 852 3325 lana.

224 3361 444 3437 Quadringenta
456 3361 510 3419 tibi
523 3361 547 3419 si
561 3363 626 3434 quis
638 3363 719 3420 Deus
732 3371 785 3420 aut
798 3364 970 3423 dmilisDis

183 3457 225 3515 Et
238 3458 340 3516 melior
352 3457 422 3515 fatis
435 3457 573 3527 donaret3
590 3459 759 3532 homuncio,
775 3469 905 3534 quattus

184 3553 233 3612 Ex
244 3555 337 3612 nihilo
348 3557 438 3627 fieres,
454 3564 578 3628 quantus
587 3557 866 3618 Virronis-amicust
881 3583 885 3592 ¹

187 3655 206 3686 ‘⁴
214 3652 264 3708 De
273 3652 394 3709 'lhebiol
418 3670 493 3726 pone
506 3653 544 3709 ad
556 3653 712 3712 'lhebiuml
754 3656 817 3726 Vis,
829 3653 928 3726 frater,
941 3654 1055 3714 abistis

184 3747 316 3806 Ilihus‘l''
358 3747 387 3807 Ο
400 3749 520 3820 nummi,
534 3750 617 3807 vobis
630 3749 709 3806 huno
721 3759 838 3823 prastat
851 3751 998 3820 honorem,

185 3844 246 3902 Vos
259 3845 328 3902 estis
341 3842 454 3901 fratros.
495 3845 639 3902 Dominus
653 3852 751 3900 tamen
764 3852 795 3901 et
807 3845 915 3900 domini
928 3862 981 3898 rex
