2702 4354
192 335 234 392 98
615 348 723 390 aaran

232 483 290 541 Sed
303 488 401 556 stupet
413 481 462 538 hic
475 480 558 553 vitio,
573 487 603 538 et
616 479 696 538 fibris
710 479 832 538 increvit
846 482 975 556 opimum

190 582 321 655 Pingue3
343 585 421 636 caret
434 578 529 652 culpa,
543 576 643 647 nescit,
659 577 728 650 quid
743 577 853 651 perdat,
869 584 898 632 et
912 577 973 633 alto

190 679 347 736 Demersus
361 691 475 731 summa
488 691 586 730 rursus
599 691 658 730 non
672 673 758 729 bullit
772 674 802 728 in
817 674 902 730 unda.

230 775 339 848 Magne
352 779 436 847 pater
449 771 569 842 Divum,
584 787 676 826 saevos
694 770 795 844 punire
809 778 948 844 tyrannos

190 872 282 928 Haud
295 870 355 927 alia
367 867 480 926 ratione
494 868 574 938 velis,
589 883 680 940 quum
693 867 756 924 dira
769 866 859 924 libido

190 969 319 1025 Moverit
332 966 481 1042 ingenium
495 961 617 1021 ferventi
632 965 723 1022 tincta
737 981 865 1021 veneno:

165 1045 167 1050 Ι
181 1059 339 1122 'Virtutem
352 1063 471 1121 videant
484 1062 722 1134 intabescantque
735 1061 845 1118 relicta.

167 1189 169 1194 ·
191 1161 279 1217 Anne
292 1159 385 1235 magis
400 1147 492 1217 Siculi
504 1164 675 1232 gemuerunt
689 1175 748 1214 aera
756 1156 884 1230 juvenci,

191 1259 257 1316 Aut
270 1258 363 1334 magis
377 1257 489 1314 auratis
503 1254 630 1331 pendens
642 1255 827 1328 laquearibus
841 1255 916 1312 ensis
1109 1254 1148 1312 40

191 1357 358 1431 Purpureas
371 1355 471 1411 subter
485 1353 611 1416 cervices
626 1352 739 1424 terruit,
753 1351 845 1423 Imus,

192 1452 273 1509 Imus
288 1451 457 1527 praecipites,
472 1451 599 1525 quamsi
614 1449 668 1508 sibi
682 1449 768 1520 dicat,
784 1456 813 1505 et
826 1449 907 1504 intus

192 1549 306 1605 Palleat
319 1545 422 1604 infelix
435 1546 513 1620 quod
526 1544 660 1621 proxima
672 1545 782 1600 nesciat
796 1544 889 1600 uxori

233 1643 317 1718 Sapo
331 1644 437 1714 oculos,
452 1640 583 1711 memini,
599 1642 753 1714 tangebam
767 1641 875 1715 parvus
888 1639 976 1711 olivo,

193 1740 325 1800 Grandia
338 1741 363 1796 si
376 1739 484 1796 nollem
497 1737 632 1794 morituri
645 1738 734 1794 verba
749 1737 870 1796 Catonis

192 1838 321 1908 Discere,
336 1854 396 1893 non
409 1853 480 1892 sano
492 1835 618 1891 multum
633 1834 781 1892 laudanda
793 1834 941 1910 magistro,
1049 1873 1053 1884 f

193 1936 267 2007 Quae
279 1941 361 2008 pater
374 1933 507 1990 adductis
521 1932 629 1990 sudans
643 1932 756 1991 audiret
769 1933 879 1990 amicis.

192 2033 214 2090 J
215 2050 265 2089 ure
279 2031 385 2088 etenim
399 2031 430 2087 id
443 2049 600 2102 summum,
615 2031 684 2104 quid
697 2031 798 2087 dexter
811 2031 890 2088 senio
902 2028 991 2087 ferret

194 2129 281 2202 Scire,
297 2137 359 2186 erat
371 2129 403 2185 in
416 2136 503 2196 voto;
525 2129 664 2185 damnosa
679 2129 811 2186 canicula
823 2135 966 2200 quantum

193 2225 336 2292 Raderet;
358 2235 490 2300 angustae
504 2224 580 2284 collo
593 2243 652 2282 non
665 2222 760 2280 fallier
776 2241 867 2290 oreae3
998 2223 1006 2241 ⁹
1111 2225 1159 2304 50,

192 2323 259 2382 Neu
273 2325 340 2396 quis
354 2324 483 2381 callidior
497 2326 610 2381 buxum
623 2332 759 2396 torquere
771 2322 893 2396 flagello.
1114 2305 1120 2318 ⁸

234 2420 325 2476 Haud
339 2421 392 2477 tibi
406 2421 590 2493 inexpertum
605 2436 708 2475 curvos
721 2417 895 2491 deprendere
909 2436 1011 2492 mores,

196 2517 325 2590 Quaeque
339 2515 422 2594 docet
436 2515 550 2588 sapiens
563 2514 707 2570 braccatis
719 2512 796 2570 illita
809 2514 905 2570 Medis
982 2559 990 2574 .

194 2613 346 2676 Porticus3
368 2611 507 2667 insomnis
520 2610 624 2685 quibus
639 2617 668 2666 et
681 2610 802 2667 detonsa
809 2609 949 2684 juventus

194 2707 344 2781 Invigilat,
361 2705 473 2778 siliquis
487 2714 516 2763 et
529 2707 633 2782 grandi
646 2715 730 2781 pasta
743 2689 877 2783 polenta3

194 2805 235 2862 Et
248 2804 311 2876 tibi,
326 2821 391 2877 quae
405 2803 519 2862 Samios
533 2804 652 2862 diduxit
666 2805 752 2861 litera
764 2823 870 2878 ramos,
919 2875 922 2882 ¹

195 2901 366 2977 Surgentem
380 2900 483 2958 dextro
496 2903 671 2960 monstravit
683 2905 780 2962 limite
793 2906 913 2963 callem:

196 2998 300 3056 Stertis
314 2998 418 3069 adhuc,
432 2999 590 3076 laxumque
604 3008 701 3076 caput,
717 3019 855 3078 compage
869 3004 973 3075 soluta,

195 3095 310 3154 Oscitat
322 3095 498 3168 hesternum,
513 3097 630 3154 dissutis
644 3097 773 3172 undique
786 3101 876 3158 malis.

196 3192 250 3249 Est
264 3191 372 3264 aliquid
386 3209 444 3266 quo
458 3194 561 3265 tendis,
577 3193 649 3251 etin
664 3197 742 3269 quod
755 3196 854 3272 dirigis
867 3198 989 3254 arcum?
1113 3201 1151 3258 60

195 3287 247 3344 An
261 3289 369 3362 passim
382 3291 511 3362 sequeris
525 3309 626 3349 corvos
640 3299 772 3367 testaque
786 3295 904 3368 lutoque

198 3385 322 3442 Securus
336 3401 395 3458 quo
408 3404 459 3460 pes
472 3385 556 3459 ferat,
571 3397 658 3462 atque
672 3408 709 3446 ex
722 3399 849 3464 tempore
863 3391 957 3449 vivisi
977 3427 983 3438 ·
1007 3429 1010 3436 ι

237 3480 427 3538 Helleborum
441 3481 558 3557 frustra,
574 3503 640 3542 oum
648 3485 711 3560 jam
725 3487 800 3544 cutis
814 3505 892 3562 aegra
904 3489 1038 3562 tumebit,

159 3603 162 3610 ·
196 3580 351 3636 Poscentes
365 3579 478 3637 videas:
501 3581 629 3641 venienti
643 3585 784 3640 occurrite
797 3585 914 3643 morbo!

196 3674 237 3732 Et
251 3676 320 3749 quid
334 3694 407 3751 opus
422 3676 542 3735 Cratero
556 3697 676 3756 magnos
689 3682 856 3755 promittere
870 3683 999 3741 montes?

196 3773 318 3845 Discite,
332 3773 359 3834 Ο
373 3775 480 3847 miseri,
496 3783 525 3832 et
540 3794 642 3834 causas
656 3779 817 3852 cognoscite
830 3797 937 3853 rerum,
