2702 4354
668 403 784 448 sertus
806 405 837 448 v.
1169 387 1231 448 '105

278 540 398 617 Nempe,
413 540 490 599 diem
503 539 593 598 donas
601 538 629 596 l”
672 535 731 597 Sed
744 555 835 612 quum
847 537 903 594 lux
915 535 1007 594 altera
1019 537 1110 608 venit,

277 637 347 695 Jam
361 655 424 695 cras
437 637 602 696 hesternum
615 635 690 693 heul
713 634 937 693 consumsimus:
959 650 1025 692 ecce
1038 633 1118 691 aliud
1131 651 1196 692 cras

277 734 379 812 Egerit
392 735 446 793 hos
458 751 559 807 annea,
573 733 604 792 et
617 751 729 809 semper
741 733 861 808 paulum
874 731 929 789 erit
943 731 1029 788 ultra

277 830 355 889 Nam
369 831 503 906 quamvis
515 833 604 906 prope
617 837 655 902 te,
671 829 805 904 quamvis
818 836 933 886 temone
946 827 1001 886 sub
1014 845 1074 886 nno
1192 827 1245 889 70‘

277 928 446 988 Vertentem
460 945 520 986 sese
532 925 639 984 frustra
651 927 798 984 sectabere
811 925 960 998 canthum,

278 1025 378 1098 Quum
392 1032 458 1082 rota
471 1023 612 1101 posterior
625 1041 724 1082 curras
734 1031 764 1082 et
777 1023 810 1080 in
823 1041 880 1081 axe
893 1023 1027 1081 secundo.

317 1121 465 1180 Libertate
478 1138 550 1196 opus
563 1127 623 1178 ests
643 1139 703 1178 non
716 1119 781 1192 hac,
797 1138 864 1194 qua,
875 1120 996 1195 quisque
1005 1119 1112 1179 Velina

277 1218 400 1278 Publius
413 1218 543 1291 emeruit,
558 1217 719 1276 scabiosum
733 1217 872 1276 tesserula
884 1215 930 1274 far

276 1315 417 1374 Possidet.
458 1316 527 1373 Heu
540 1307 650 1372 steriles
662 1313 733 1387 veri,
749 1313 853 1389 quibus
865 1331 925 1371 una
938 1313 1083 1386 Quiritem

276 1412 397 1490 Vertigo
409 1411 495 1472 facit!
520 1412 568 1470 hic
581 1413 681 1470 Dama
694 1419 808 1470 estnon
822 1411 920 1488 tressis
934 1429 1031 1487 agaso,

276 1508 383 1587 Vappa
396 1517 425 1567 et
437 1509 542 1588 lippus,
557 1517 587 1567 et
600 1510 632 1567 in
642 1509 727 1567 tenui
740 1506 884 1586 farragine
897 1507 1032 1565 mendax.

276 1605 405 1666 Verterit
418 1609 497 1666 hunc
510 1607 654 1680 dominus,
669 1611 816 1666 momento
831 1606 955 1666 turbinis
968 1608 1030 1665 exit

276 1705 397 1764 Marcus
409 1706 516 1764 Dama
558 1706 665 1783 Papeel
709 1707 812 1764 Marco
826 1705 983 1784 spondente
996 1723 1111 1764 recusas

278 1801 401 1862 Credere
414 1809 447 1861 tu
460 1805 611 1862 nummosi
653 1804 755 1863 Marco
770 1803 933 1880 subjudice
946 1805 1055 1880 palles?
1190 1804 1231 1864 80

277 1900 397 1957 Marcus
410 1899 493 1972 dixit,
508 1901 552 1956 ita
564 1908 625 1958 est:
648 1903 771 1978 assigna,
783 1902 892 1975 Marce,
908 1903 1039 1962 tabellas.

280 1997 381 2052 “Haec
393 2012 475 2052 mera
487 1995 621 2054 libertast
644 1993 700 2055 hec
712 1999 797 2057 nobis
808 1998 887 2074 pilea
899 1999 1023 2058 donanti

277 2090 329 2149 An
343 2091 496 2166 quisquam
509 2097 552 2149 est
566 2091 642 2148 alius
655 2093 736 2165 liber,
752 2093 809 2150 nisi
822 2093 925 2153 ducere
938 2097 1031 2154 vitam

279 2187 335 2248 Oui
349 2189 426 2262 licet,
441 2196 476 2246 ut
487 2187 601 2246 voluit?
623 2189 692 2246 licet
706 2196 739 2247 ut
753 2190 819 2248 volo
832 2191 943 2248 vivere:
964 2210 1024 2250 non
1036 2210 1104 2251 sum

277 2285 408 2345 Liberior
420 2285 556 2344 Brutci'’
599 2285 739 2345 Mendose
753 2286 873 2364 colligis,
888 2288 984 2364 inquit

277 2382 391 2442 Stoicus
403 2381 453 2440 hic
465 2399 565 2441 aurem
578 2383 708 2442 mordaci
721 2384 798 2442 lotus
811 2393 911 2454 aceto;

277 2479 352 2552 Hoc,
367 2479 480 2554 reliqua
492 2481 613 2556 accipio,
630 2481 689 2540 licet
701 2489 732 2539 ut
744 2484 802 2540 vob
815 2483 911 2556 vivere,
925 2483 1004 2542 tolle.

280 2577 444 2634 “deieta
457 2585 612 2654 postquam
625 2596 708 2636 meus
721 2596 741 2636 a
753 2587 875 2656 praetore
888 2580 1001 2653 recessi,

278 2671 340 2732 Cur
352 2671 425 2732 mihi
438 2692 497 2731 non
510 2675 597 2732 liceat
606 2673 695 2749 jussit
708 2675 900 2751 quodcunque
914 2677 1058 2751 voluntas,

278 2754 410 2847 Excepto
423 2769 448 2827 si
461 2741 532 2845 quid
544 2771 659 2829 Masuri
671 2773 789 2830 rubrica
800 2771 951 2832 vetavit?
1193 2773 1233 2831 90

317 2865 415 2938 Disce,
430 2865 481 2922 sed
493 2867 539 2923 ira
551 2866 637 2924 cadat
650 2885 721 2925 naso
735 2887 896 2945 rugosaque
908 2888 1009 2942 sanna,

278 2962 361 3020 Dum
373 2968 484 3019 veteres
496 2961 579 3020 aviae
591 2961 646 3022 tibi
661 2963 696 3020 de
710 2965 846 3039 pulmone
859 2965 975 3024 revello.

278 3057 347 3115 Non
360 3057 492 3133 praetoris
505 3063 569 3114 erat
582 3057 681 3116 stultis
694 3059 763 3116 dere
775 3061 875 3118 tenuia
886 3079 983 3118 rerum

280 3154 393 3226 Officia,
409 3160 497 3227 atque
510 3169 596 3211 usum
608 3155 717 3228 rapide
731 3157 898 3230 permittere
910 3157 987 3215 vite.

280 3251 456 3311 Sambucam
470 3249 556 3307 citius
569 3249 666 3308 caloni
679 3252 827 3336 aptaveris
838 3253 907 3311 alte.

279 3347 346 3407 Stat
360 3353 462 3406 contra
473 3345 550 3404 ratio
565 3353 595 3404 et
608 3355 749 3406 secretam
761 3350 863 3425 gannit
875 3351 907 3408 in
919 3366 1028 3422 aurem,

279 3445 325 3502 Ne
337 3444 425 3504 liceat
436 3440 532 3503 secere
544 3444 583 3518 id,
598 3445 676 3520 quod
689 3445 756 3520 quis
769 3445 886 3506 vitiabit
898 3447 1016 3524 egendo.

278 3541 402 3600 Publica
414 3541 463 3598 lex
475 3540 628 3600 hominnm
642 3543 805 3618 naturaque
818 3545 945 3602 eontinet
957 3545 1013 3604 hoc
1025 3541 1079 3617 sas,

279 3637 324 3695 Ut
336 3645 435 3696 teneat
447 3638 552 3697 vetitos
565 3637 683 3699 inscitia
695 3639 799 3699 debilis
811 3647 901 3700 actus
1016 3653 1020 3660 '

280 3735 379 3794 Diluis
390 3735 577 3809 helleborum,
592 3744 671 3795 certo
685 3747 863 3812 compescere
875 3745 986 3812 puncto
1085 3803 1095 3822 ⁹
1146 3813 1148 3820 y
1177 3733 1235 3791 10⁰

280 3831 403 3890 Nescius
415 3849 553 3890 examen:
574 3841 656 3892 vetat
668 3834 725 3892 hec
737 3841 846 3892 natura
858 3831 1000 3892 medendi

730 3930 785 3988 Ea
