2672 4350
58 5 62 14 ’
175 49 548 174 gna-reus

165 367 208 426 48
474 383 503 426 n.
525 382 614 424 sunu
636 381 815 424 sursulus

167 515 307 592 Conjugis
319 521 349 572 et
363 512 469 587 fratris,
480 514 629 590 plenaeque
642 513 787 572 sororibus
800 531 887 570 urnae.

166 615 239 670 Haee
252 615 322 670 dcta
334 630 422 687 poena
435 612 485 669 diu
498 611 673 682 viventibus,
688 617 731 682 ut,
743 618 883 668 renovata

167 711 287 786 Semper
300 709 380 766 clade
393 709 505 780 domus,
521 707 623 766 multis
635 709 666 764 in
679 707 807 766 luctibus
820 708 908 782 inquo

166 810 310 884 Perpetuo
324 823 446 864 moerore
460 814 490 863 et
503 806 587 882 nigra
600 813 679 862 veste
693 813 849 864 senescant.

166 907 232 962 Rex
244 905 354 981 Pylius,
369 921 475 980 magno
489 904 514 961 si
528 903 686 978 quidquam
700 903 792 959 eredis
805 903 945 974 Homero,

166 1002 343 1078 Exemplum
357 1002 425 1059 vitae
439 998 496 1057 fuit
510 1019 529 1058 a
542 1001 655 1058 cornice
670 999 810 1058 secundae.
1066 1002 1126 1060 240

168 1103 186 1132 ‘⁴
195 1099 281 1156 Felix
294 1099 441 1172 nimirum,
456 1098 507 1172 qui
520 1105 565 1154 tot
578 1115 629 1173 per
642 1096 742 1154 secula
754 1104 877 1154 mortem

167 1195 299 1267 Distulit,
312 1203 401 1270 atque
415 1196 483 1253 suos
493 1193 557 1270 jam
571 1196 676 1252 dextra
690 1201 841 1271 computat
854 1212 954 1268 annos,

167 1293 284 1366 Quique
296 1311 405 1350 novum
419 1293 504 1351 toties
518 1299 648 1350 mustum
663 1293 763 1350 bibit.'’
808 1293 878 1363 Oro,
890 1310 1047 1370 parumper

167 1389 323 1462 Attendas,
338 1398 483 1464 quantum
496 1391 532 1448 de
545 1390 658 1464 legibus
671 1390 733 1465 ipse
747 1396 886 1462 queratur

167 1487 319 1561 Fatorum,
330 1495 360 1546 et
372 1488 464 1545 nimio
477 1489 513 1545 de
527 1488 766 1559 stamine,“quum
780 1484 860 1544 videt
873 1485 948 1543 acris

167 1584 319 1643 Antilochi
332 1586 454 1642 barbam
468 1585 633 1650 ardentem3
656 1599 747 1655 quum
762 1583 867 1655 quaerit
879 1583 918 1638 ab
931 1582 1020 1654 omni,

168 1682 307 1756 Quisquis
319 1682 400 1739 adest
413 1682 516 1752 socius,
532 1697 585 1737 cur
598 1680 661 1736 haec
674 1679 706 1734 in
721 1687 853 1753 tempora
866 1679 958 1751 duret,

168 1778 255 1851 Quod
267 1776 381 1836 facinus
393 1778 514 1853 dignum
528 1784 590 1834 tam
605 1775 857 1859 longo'admiserit
870 1777 951 1833 aevot

168 1875 242 1935 Hace
254 1877 355 1934 eadem
367 1875 481 1948 Peleus,
496 1882 614 1951 raptum
629 1891 722 1947 quum
736 1874 816 1950 luget
827 1873 984 1947 Achillem,

167 1971 269 2046 Atque
282 1971 366 2044 alius,
381 1972 429 2030 cui
441 1969 486 2029 sas
499 1971 638 2030 Ithacum
652 1971 752 2048 lugere
765 1978 923 2028 natantem.
1067 1971 1127 2028 250

168 2049 312 2128 Incoluini
327 2067 418 2142 Troja
428 2069 566 2126 Priamus
578 2069 705 2127 venisset
719 2069 757 2126 ad
771 2068 889 2126 umbras

168 2167 317 2240 Assaraci,
328 2165 443 2242 magnis
457 2167 643 2240 solemnibus,
655 2165 784 2224 Hectore
796 2164 883 2222 funus

168 2267 319 2338 Portante,
334 2283 370 2324 ac
381 2264 501 2338 reliquis
515 2261 642 2321 fratrum
656 2263 824 2334 cervicibus,
839 2263 916 2319 inter

168 2363 297 2421 Iliadum
306 2363 448 2444 lacrimas,
462 2370 497 2419 ut
510 2363 620 2437 primos
632 2361 718 2418 edere
731 2361 866 2436 planctus

170 2459 336 2519 Cassandra
348 2460 487 2536 inciperet
500 2459 646 2530 scissaque
660 2458 813 2532 Polyxena
825 2456 914 2531 pallo,

169 2557 202 2616 Si
217 2556 290 2615 foret
305 2558 466 2615 exstinctus
480 2555 594 2614 diverso
608 2562 746 2629 tempore,
760 2570 819 2627 quo
833 2571 892 2610 non

170 2653 308 2730 Coeperat
321 2654 444 2712 auduees
457 2653 544 2710 Paris
559 2651 699 2710 aedificare
713 2651 834 2708 cannas

169 2750 271 2828 Longa
284 2751 345 2809 dies
358 2751 449 2827 igitur
464 2750 691 2825 quid‘oontulitl
713 2749 813 2806 omnia
826 2747 901 2806 vidit

169 2852 280 2910 Eversa
292 2859 322 2908 et
335 2851 461 2909 flammis
473 2843 582 2908 Asiam
595 2846 728 2922 fenoque
741 2847 898 2904 cadentem.

169 2949 254 3006 'l'unc
266 2948 351 3007 miles
363 2929 503 3008 tremulus
516 2947 613 3025 posita
626 2945 697 3004 tulit
710 2929 792 3002 arma
805 2945 889 3016 tiara,

170 3049 210 3107 Et
223 3050 283 3125 ruit
297 3058 365 3107 ante
378 3067 461 3107 aram
476 3047 581 3107 summi
595 3045 689 3116 Jovis,
707 3050 741 3100 ut
754 3042 943 3115 ,vctulus‘bos
1016 3107 1028 3132 ι

170 3147 229 3220 Qui
244 3147 354 3206 domiui
368 3146 469 3206 cultris
481 3153 568 3204 tenue
582 3151 612 3200 et
625 3141 790 3200 miserabile·
799 3140 906 3198 collum
964 3141 978 3223 ’γ

121 3257 125 3266 ’
169 3246 292 3316 Praebet,
308 3247 347 3303 ab
359 3245 474 3320 ingrato
483 3241 547 3316 jum
560 3239 707 3298 fastiditus
721 3245 827 3296 aratro.
926 3232 929 3242 ⁴

169 3342 278 3400 Exitus
290 3341 340 3398 ille
353 3347 501 3414 utcunque
514 3337 657 3396 hominis:
678 3334 729 3394 sed
743 3343 828 3424 torva
842 3329 946 3390 canino

110 3504 113 3511 ,
169 3439 304 3497 Latravit
317 3439 402 3507 rictu,
418 3455 483 3510 quae
495 3435 652 3511 posthunc
665 3434 788 3503 vixerat,
804 3445 887 3488 uxor.

157 3537 290 3611 ⁴Festino
304 3534 341 3592 ad
356 3542 478 3605 nostros,
493 3541 522 3590 ot
535 3543 632 3608 regem
646 3540 761 3588 transeo
775 3528 873 3600 Ponti,
953 3557 955 3562 ·

138 3707 141 3712 Ι
170 3635 211 3692 Et
226 3633 368 3703 Croesum,
384 3649 470 3705 quom
484 3647 542 3687 vox
551 3628 624 3702 justi
637 3626 762 3686 facunda
775 3625 890 3684 Solonis

170 3731 322 3806 Respicere
337 3729 375 3786 ad
388 3729 480 3803 longae
489 3725 579 3800 jussit
591 3727 686 3802 spatia
699 3724 804 3782 ultima
816 3722 894 3781 vitae.

170 3826 317 3882 Exsilium
331 3833 361 3882 et
374 3841 480 3895 carcer,
493 3824 770 3893 Minturnarumque
784 3819 912 3894 paludes,

171 3919 212 3974 Et
225 3921 405 3976 mendicatus
418 3922 497 3977 victa
510 3919 687 3993 Carthagine
701 3918 785 3992 panis
