2708 4354
179 342 240 400 100
349 320 351 324 ¹
600 357 708 402 suasu

175 493 275 551 Uncta
288 490 397 549 eadunt
410 491 486 551 laxis
499 498 570 549 tunc
582 491 776 566 pulmentaria
787 492 885 554 labris

175 589 255 646 Hinc
268 589 348 660 tuba,
364 587 499 661 candelae,
514 587 689 660 tandemque
702 589 834 646 beatulus
847 589 911 647 alto

176 685 459 760 compositurnm,
474 685 632 758 crassisque
645 683 757 742 lutatus
771 686 903 758 amomis,

175 785 211 840 In
225 792 339 858 portam
353 781 459 857 rigidos
474 780 566 840 calces
579 780 724 838 extendit:
747 782 877 840 atilium

176 880 314 937 Hesterni
328 879 422 955 capite
435 879 539 937 induto
552 878 664 936 subiere
678 879 816 950 Quirites.
864 935 868 942 .

215 978 324 1052 Tange,
339 977 435 1049 miser,
449 993 538 1033 venas
553 983 582 1032 et
596 993 670 1050 pone
683 976 714 1033 in
728 984 845 1052 pectore
859 978 1000 1052 dextram,

178 1076 255 1134 “Nil
269 1075 345 1133 calet
357 1074 439 1141 hic;''
461 1091 648 1147 summosque
661 1073 748 1148 pedes
761 1075 874 1154 attinge
887 1063 1056 1153 manusque,

177 1172 272 1231 “Non
286 1171 418 1248 frigent.’'
459 1171 534 1230 Visa
547 1178 590 1228 est
603 1171 627 1228 si
642 1169 716 1228 forte
729 1173 861 1246 pecunia,
877 1175 939 1233 sive

177 1270 310 1330 Candida
322 1267 411 1328 vieini
427 1268 544 1327 subrisit
557 1267 645 1324 molle
660 1269 766 1343 puella,
1076 1273 1135 1331 110

177 1368 237 1429 Cor
250 1370 303 1427 titi
317 1369 372 1426 rite
385 1368 473 1428 saliti
514 1369 649 1426 Positum
663 1375 708 1425 est
722 1368 835 1444 algente
849 1370 946 1426 catino

177 1469 293 1525 Durum
307 1467 378 1539 olus,
393 1475 423 1524 et
436 1467 537 1543 populi
551 1467 646 1524 cribro
660 1467 780 1524 decussa
794 1463 899 1537 farina,

177 1566 334 1623 Tentemus
346 1563 457 1623 fauces:
481 1572 579 1621 tenero
592 1563 665 1620 latet
677 1562 760 1619 ulcus
773 1561 804 1618 in
817 1579 868 1619 ore

178 1664 278 1734 Putre,
293 1661 371 1735 quod
384 1660 463 1718 haud
476 1660 576 1717 deceat
589 1658 705 1733 plebeia
717 1658 817 1716 radere
829 1659 906 1716 beta.

178 1760 277 1836 Aiges,
293 1776 384 1832 quum
397 1757 522 1814 excussit
535 1757 671 1813 membris
683 1756 772 1812 timor
785 1755 870 1813 albus
882 1755 1004 1826 aristam

178 1857 266 1914 Nune
279 1853 341 1910 face
355 1850 507 1928 supposita
519 1849 653 1910 fervescit
667 1850 792 1927 sanguis,
809 1860 838 1909 et
851 1852 898 1910 ira

179 1950 347 2009 Scintillant
360 1949 444 2020 oculi,
459 1947 588 2022 dicisque
601 1945 737 2022 facisque,
754 1948 834 2021 quod
846 1948 906 2023 ipse

179 2048 248 2106 Non
261 2047 324 2106 sani
338 2064 397 2106 esse
409 2045 536 2103 heminis
550 2063 607 2102 non
623 2062 709 2104 sanus
717 2043 799 2120 juret
812 2045 938 2106 Orestes.
