<?xml version="1.0" encoding="UTF-8"?>
<!DOCTYPE html PUBLIC "-//W3C//DTD XHTML 1.0 Transitional//EN"
    "http://www.w3.org/TR/xhtml1/DTD/xhtml1-transitional.dtd">
<html xmlns="http://www.w3.org/1999/xhtml" xml:lang="en" lang="en">
 <head>
  <title>
</title>
<meta http-equiv="Content-Type" content="text/html;charset=utf-8" />
  <meta name='ocr-system' content='tesseract 3.04.00' />
  <meta name='ocr-capabilities' content='ocr_page ocr_carea ocr_par ocr_line ocrx_word'/>
</head>
<body>
  <div class='ocr_page' id='page_1' title='image "./satiresjuvenala00juvegoog_0060.png"; bbox 0 0 2654 4348; ppageno 0'>
   <div class='ocr_carea' id='block_1_1' title="bbox 561 365 1125 440">
    <p class='ocr_par' dir='ltr' id='par_1_1' title="bbox 561 365 1125 440">
     <span class='ocr_line' id='line_1_1' title="bbox 561 365 1125 440; baseline 0.004 -12"><span class='ocrx_word' id='word_1_1' title='bbox 561 385 678 428; x_wconf 68' lang='lat' dir='ltr'><strong>sirmi</strong></span> <span class='ocrx_word' id='word_1_2' title='bbox 701 385 733 428; x_wconf 86' lang='lat' dir='ltr'><strong>x.</strong></span> <span class='ocrx_word' id='word_1_3' title='bbox 1006 435 1010 440; x_wconf 64' lang='grc'><strong>,</strong></span> <span class='ocrx_word' id='word_1_4' title='bbox 1083 365 1125 422; x_wconf 81' lang='grc'><strong>43</strong></span> 
     </span>
    </p>
   </div>
   <div class='ocr_carea' id='block_1_2' title="bbox 170 512 1260 2541">
    <p class='ocr_par' dir='ltr' id='par_1_2' title="bbox 170 512 1128 700">
     <span class='ocr_line' id='line_1_2' title="bbox 172 512 1128 604; baseline -0.006 -26"><span class='ocrx_word' id='word_1_5' title='bbox 172 519 274 590; x_wconf 84' lang='lat' dir='ltr'><strong>Caedit,</strong></span> <span class='ocrx_word' id='word_1_6' title='bbox 291 527 320 575; x_wconf 87' lang='lat' dir='ltr'><strong>et</strong></span> <span class='ocrx_word' id='word_1_7' title='bbox 335 517 487 576; x_wconf 81' lang='lat' dir='ltr'><strong>immeritis</strong></span> <span class='ocrx_word' id='word_1_8' title='bbox 500 512 674 595; x_wconf 74' lang='lat' dir='ltr'><strong>franguntur</strong></span> <span class='ocrx_word' id='word_1_9' title='bbox 686 536 771 576; x_wconf 85' lang='lat' dir='ltr'><strong>crura</strong></span> <span class='ocrx_word' id='word_1_10' title='bbox 784 515 912 604; x_wconf 74' lang='lat' dir='ltr'><strong>caballis.</strong></span> <span class='ocrx_word' id='word_1_11' title='bbox 1087 514 1128 572; x_wconf 88' lang='grc'><strong>60</strong></span> 
     </span>
     <span class='ocr_line' id='line_1_3' title="bbox 170 601 925 700; baseline -0.009 -23"><span class='ocrx_word' id='word_1_12' title='bbox 170 619 239 677; x_wconf 83' lang='lat' dir='ltr'><strong>Jam</strong></span> <span class='ocrx_word' id='word_1_13' title='bbox 253 617 380 675; x_wconf 84' lang='lat' dir='ltr'><strong>stridunt</strong></span> <span class='ocrx_word' id='word_1_14' title='bbox 393 617 482 700; x_wconf 83' lang='lat' dir='ltr'><strong>ignes,</strong></span> <span class='ocrx_word' id='word_1_15' title='bbox 493 614 557 691; x_wconf 84' lang='lat' dir='ltr'><strong>jam</strong></span> <span class='ocrx_word' id='word_1_16' title='bbox 569 614 688 675; x_wconf 82' lang='lat' dir='ltr'><strong>follibus</strong></span> <span class='ocrx_word' id='word_1_17' title='bbox 702 625 790 690; x_wconf 84' lang='lat' dir='ltr'><strong>atque</strong></span> <span class='ocrx_word' id='word_1_18' title='bbox 803 601 925 672; x_wconf 83' lang='lat' dir='ltr'><strong>caminis</strong></span> 
     </span>
    </p>

    <p class='ocr_par' dir='ltr' id='par_1_3' title="bbox 170 711 1024 886">
     <span class='ocr_line' id='line_1_4' title="bbox 170 711 1024 798; baseline -0.009 -24"><span class='ocrx_word' id='word_1_19' title='bbox 170 715 266 774; x_wconf 87' lang='lat' dir='ltr'><strong>Ardet</strong></span> <span class='ocrx_word' id='word_1_20' title='bbox 279 715 431 774; x_wconf 59' lang='lat' dir='ltr'><strong>moratum</strong></span> <span class='ocrx_word' id='word_1_21' title='bbox 444 714 552 790; x_wconf 90' lang='lat' dir='ltr'><strong>populo</strong></span> <span class='ocrx_word' id='word_1_22' title='bbox 566 720 664 788; x_wconf 84' lang='lat' dir='ltr'><strong>eaput,</strong></span> <span class='ocrx_word' id='word_1_23' title='bbox 678 719 708 770; x_wconf 89' lang='lat' dir='ltr'><strong>et</strong></span> <span class='ocrx_word' id='word_1_24' title='bbox 723 717 822 787; x_wconf 84' lang='lat' dir='ltr'><strong>erepat</strong></span> <span class='ocrx_word' id='word_1_25' title='bbox 835 711 936 787; x_wconf 85' lang='lat' dir='ltr'><strong>ingens</strong></span> <span class='ocrx_word' id='word_1_26' title='bbox 1013 778 1024 798; x_wconf 33' lang='grc' dir='ltr'><strong>μ</strong></span> 
     </span>
     <span class='ocr_line' id='line_1_5' title="bbox 172 795 869 886; baseline -0.01 -15"><span class='ocrx_word' id='word_1_27' title='bbox 172 811 309 886; x_wconf 85' lang='lat' dir='ltr'><strong>Sejanus:</strong></span> <span class='ocrx_word' id='word_1_28' title='bbox 331 795 433 869; x_wconf 87' lang='lat' dir='ltr'><strong>deiude</strong></span> <span class='ocrx_word' id='word_1_29' title='bbox 445 829 484 866; x_wconf 89' lang='lat' dir='ltr'><strong>ex</strong></span> <span class='ocrx_word' id='word_1_30' title='bbox 495 808 571 872; x_wconf 77' lang='lat' dir='ltr'><strong>facie</strong></span> <span class='ocrx_word' id='word_1_31' title='bbox 583 817 647 868; x_wconf 86' lang='lat' dir='ltr'><strong>toto</strong></span> <span class='ocrx_word' id='word_1_32' title='bbox 660 809 729 866; x_wconf 87' lang='lat' dir='ltr'><strong>orbe</strong></span> <span class='ocrx_word' id='word_1_33' title='bbox 742 807 869 866; x_wconf 81' lang='lat' dir='ltr'><strong>secunda</strong></span> 
     </span>
    </p>

    <p class='ocr_par' dir='ltr' id='par_1_4' title="bbox 171 906 794 984">
     <span class='ocr_line' id='line_1_6' title="bbox 171 906 794 984; baseline -0.011 -16"><span class='ocrx_word' id='word_1_34' title='bbox 171 911 263 968; x_wconf 87' lang='lat' dir='ltr'><strong>Fiunt</strong></span> <span class='ocrx_word' id='word_1_35' title='bbox 276 909 394 980; x_wconf 82' lang='lat' dir='ltr'>urceoli,</span> <span class='ocrx_word' id='word_1_36' title='bbox 409 907 514 984; x_wconf 77' lang='lat' dir='ltr'><strong>pelves,</strong></span> <span class='ocrx_word' id='word_1_37' title='bbox 529 914 654 984; x_wconf 79' lang='lat' dir='ltr'>sartago,</span> <span class='ocrx_word' id='word_1_38' title='bbox 671 906 794 983; x_wconf 73' lang='lat' dir='ltr'><strong>patella.</strong></span> 
     </span>
    </p>

    <p class='ocr_par' dir='ltr' id='par_1_5' title="bbox 172 1003 928 1188">
     <span class='ocr_line' id='line_1_7' title="bbox 174 1003 928 1086; baseline -0.003 -24"><span class='ocrx_word' id='word_1_39' title='bbox 174 1011 192 1042; x_wconf 85' lang='lat'>“</span> <span class='ocrx_word' id='word_1_40' title='bbox 200 1008 282 1064; x_wconf 87' lang='lat' dir='ltr'><strong>Pone</strong></span> <span class='ocrx_word' id='word_1_41' title='bbox 296 1005 374 1086; x_wconf 74' lang='lat' dir='ltr'><strong>dumi</strong></span> <span class='ocrx_word' id='word_1_42' title='bbox 387 1005 494 1076; x_wconf 82' lang='lat' dir='ltr'><strong>lauros,</strong></span> <span class='ocrx_word' id='word_1_43' title='bbox 509 1004 566 1062; x_wconf 89' lang='lat' dir='ltr'><strong>due</strong></span> <span class='ocrx_word' id='word_1_44' title='bbox 577 1005 610 1061; x_wconf 93' lang='lat' dir='ltr'><strong>in</strong></span> <span class='ocrx_word' id='word_1_45' title='bbox 625 1003 777 1079; x_wconf 85' lang='lat' dir='ltr'><strong>Capitolia</strong></span> <span class='ocrx_word' id='word_1_46' title='bbox 789 1019 928 1079; x_wconf 83' lang='lat' dir='ltr'><strong>magnum</strong></span> 
     </span>
     <span class='ocr_line' id='line_1_8' title="bbox 172 1100 918 1188; baseline -0.007 -25"><span class='ocrx_word' id='word_1_47' title='bbox 172 1104 383 1176; x_wconf 74' lang='lat' dir='ltr'><strong>cretatumque</strong></span> <span class='ocrx_word' id='word_1_48' title='bbox 396 1103 516 1159; x_wconf 86' lang='lat' dir='ltr'><strong>bovem:</strong></span> <span class='ocrx_word' id='word_1_49' title='bbox 539 1100 663 1175; x_wconf 85' lang='lat' dir='ltr'><strong>Sejanus</strong></span> <span class='ocrx_word' id='word_1_50' title='bbox 676 1102 792 1173; x_wconf 79' lang='lat' dir='ltr'><strong>ducitur</strong></span> <span class='ocrx_word' id='word_1_51' title='bbox 805 1119 891 1168; x_wconf 76' lang='lat' dir='ltr'><strong>uueo,</strong></span> <span class='ocrx_word' id='word_1_52' title='bbox 906 1171 918 1188; x_wconf 33' lang='grc' dir='ltr'><strong>θ</strong></span> 
     </span>
    </p>

    <p class='ocr_par' dir='ltr' id='par_1_6' title="bbox 172 1197 1042 1372">
     <span class='ocr_line' id='line_1_9' title="bbox 174 1197 1042 1277; baseline -0.005 -18"><span class='ocrx_word' id='word_1_53' title='bbox 174 1198 370 1277; x_wconf 84' lang='lat' dir='ltr'><strong>Spectandusi</strong></span> <span class='ocrx_word' id='word_1_54' title='bbox 394 1197 522 1275; x_wconf 82' lang='lat' dir='ltr'><strong>gaudent</strong></span> <span class='ocrx_word' id='word_1_55' title='bbox 535 1211 644 1256; x_wconf 78' lang='lat' dir='ltr'><strong>omnes,</strong></span> <span class='ocrx_word' id='word_1_56' title='bbox 685 1198 871 1271; x_wconf 80' lang='lat' dir='ltr'><strong>Quoelebral</strong></span> <span class='ocrx_word' id='word_1_57' title='bbox 895 1197 1017 1274; x_wconf 77' lang='lat' dir='ltr'><strong>quirilli</strong></span> <span class='ocrx_word' id='word_1_58' title='bbox 1039 1231 1042 1238; x_wconf 70' lang='grc'><strong><em>»</em></strong></span> 
     </span>
     <span class='ocr_line' id='line_1_10' title="bbox 172 1295 993 1372; baseline -0.004 -15"><span class='ocrx_word' id='word_1_59' title='bbox 172 1300 282 1358; x_wconf 86' lang='lat' dir='ltr'><strong>Vultus</strong></span> <span class='ocrx_word' id='word_1_60' title='bbox 294 1297 372 1355; x_wconf 81' lang='lat' dir='ltr'><strong>erat!</strong></span> <span class='ocrx_word' id='word_1_61' title='bbox 396 1313 557 1372; x_wconf 88' lang='lat' dir='ltr'><strong>nunquam,</strong></span> <span class='ocrx_word' id='word_1_62' title='bbox 572 1296 597 1354; x_wconf 80' lang='lat' dir='ltr'><strong>si</strong></span> <span class='ocrx_word' id='word_1_63' title='bbox 611 1295 683 1370; x_wconf 91' lang='lat' dir='ltr'><strong>quid</strong></span> <span class='ocrx_word' id='word_1_64' title='bbox 696 1295 768 1354; x_wconf 92' lang='lat' dir='ltr'><strong>mihi</strong></span> <span class='ocrx_word' id='word_1_65' title='bbox 782 1297 882 1370; x_wconf 84' lang='lat' dir='ltr'><strong>eredis,</strong></span> <span class='ocrx_word' id='word_1_66' title='bbox 898 1298 993 1355; x_wconf 84' lang='lat' dir='ltr'><strong>amavi</strong></span> 
     </span>
    </p>

    <p class='ocr_par' dir='ltr' id='par_1_7' title="bbox 173 1393 1130 1666">
     <span class='ocr_line' id='line_1_11' title="bbox 174 1393 1130 1468; baseline -0.004 -14"><span class='ocrx_word' id='word_1_67' title='bbox 174 1397 264 1455; x_wconf 89' lang='lat' dir='ltr'><strong>Hune</strong></span> <span class='ocrx_word' id='word_1_68' title='bbox 275 1396 449 1453; x_wconf 90' lang='lat' dir='ltr'><strong>hominem.”</strong></span> <span class='ocrx_word' id='word_1_69' title='bbox 483 1393 569 1453; x_wconf 84' lang='lat' dir='ltr'><strong>“Sed</strong></span> <span class='ocrx_word' id='word_1_70' title='bbox 583 1411 642 1468; x_wconf 87' lang='lat' dir='ltr'><strong>quo</strong></span> <span class='ocrx_word' id='word_1_71' title='bbox 655 1395 758 1452; x_wconf 84' lang='lat' dir='ltr'><strong>eeeidit</strong></span> <span class='ocrx_word' id='word_1_72' title='bbox 771 1396 825 1454; x_wconf 84' lang='lat' dir='ltr'><strong>sub</strong></span> <span class='ocrx_word' id='word_1_73' title='bbox 838 1395 977 1453; x_wconf 69' lang='lat' dir='ltr'><strong>erimine?</strong></span> <span class='ocrx_word' id='word_1_74' title='bbox 998 1393 1130 1468; x_wconf 82' lang='lat' dir='ltr'><strong>quisnam</strong></span> 
     </span>
     <span class='ocr_line' id='line_1_12' title="bbox 173 1487 1130 1568; baseline -0.002 -18"><span class='ocrx_word' id='word_1_75' title='bbox 173 1493 313 1552; x_wconf 80' lang='lat' dir='ltr'><strong>Delatort</strong></span> <span class='ocrx_word' id='word_1_76' title='bbox 330 1493 435 1567; x_wconf 87' lang='lat' dir='ltr'><strong>quibus</strong></span> <span class='ocrx_word' id='word_1_77' title='bbox 447 1490 569 1564; x_wconf 84' lang='lat' dir='ltr'><strong>indiciis,</strong></span> <span class='ocrx_word' id='word_1_78' title='bbox 583 1508 643 1565; x_wconf 89' lang='lat' dir='ltr'><strong>quo</strong></span> <span class='ocrx_word' id='word_1_79' title='bbox 656 1498 729 1550; x_wconf 83' lang='lat' dir='ltr'><strong>teste</strong></span> <span class='ocrx_word' id='word_1_80' title='bbox 742 1492 877 1568; x_wconf 81' lang='lat' dir='ltr'><strong>probavit</strong></span> <span class='ocrx_word' id='word_1_81' title='bbox 884 1493 953 1555; x_wconf 61' lang='grc' dir='ltr'>Ν</span> <span class='ocrx_word' id='word_1_82' title='bbox 1091 1487 1130 1548; x_wconf 82' lang='lat'><strong>70</strong></span> 
     </span>
     <span class='ocr_line' id='line_1_13' title="bbox 177 1589 936 1666; baseline 0 -20"><span class='ocrx_word' id='word_1_83' title='bbox 177 1594 195 1666; x_wconf 84' lang='lat'><strong>.“</strong></span> <span class='ocrx_word' id='word_1_84' title='bbox 202 1589 256 1647; x_wconf 89' lang='lat' dir='ltr'><strong>Nil</strong></span> <span class='ocrx_word' id='word_1_85' title='bbox 269 1591 389 1649; x_wconf 88' lang='lat' dir='ltr'><strong>horum:</strong></span> <span class='ocrx_word' id='word_1_86' title='bbox 411 1591 534 1648; x_wconf 84' lang='lat' dir='ltr'><strong>verbosa</strong></span> <span class='ocrx_word' id='word_1_87' title='bbox 546 1597 577 1647; x_wconf 90' lang='lat' dir='ltr'><strong>et</strong></span> <span class='ocrx_word' id='word_1_88' title='bbox 590 1589 707 1666; x_wconf 81' lang='lat' dir='ltr'><strong>grandis</strong></span> <span class='ocrx_word' id='word_1_89' title='bbox 720 1590 842 1666; x_wconf 85' lang='lat' dir='ltr'><strong>epistola</strong></span> <span class='ocrx_word' id='word_1_90' title='bbox 855 1591 936 1649; x_wconf 86' lang='lat' dir='ltr'><strong>venit</strong></span> 
     </span>
    </p>

    <p class='ocr_par' dir='ltr' id='par_1_8' title="bbox 173 1683 1121 1957">
     <span class='ocr_line' id='line_1_14' title="bbox 174 1683 1121 1764; baseline -0.003 -21"><span class='ocrx_word' id='word_1_91' title='bbox 174 1686 206 1743; x_wconf 88' lang='grc' dir='ltr'><strong>Α</strong></span> <span class='ocrx_word' id='word_1_92' title='bbox 220 1686 368 1764; x_wconf 82' lang='lat' dir='ltr'><strong>Capreis.&#39;’</strong></span> <span class='ocrx_word' id='word_1_93' title='bbox 402 1688 508 1744; x_wconf 89' lang='lat' dir='ltr'><strong>“Bene</strong></span> <span class='ocrx_word' id='word_1_94' title='bbox 521 1687 626 1755; x_wconf 88' lang='lat' dir='ltr'><strong>habet;</strong></span> <span class='ocrx_word' id='word_1_95' title='bbox 647 1685 691 1743; x_wconf 92' lang='lat' dir='ltr'><strong>nil</strong></span> <span class='ocrx_word' id='word_1_96' title='bbox 704 1688 770 1762; x_wconf 86' lang='lat' dir='ltr'><strong>plus</strong></span> <span class='ocrx_word' id='word_1_97' title='bbox 784 1686 938 1763; x_wconf 85' lang='lat' dir='ltr'><strong>interrogo.</strong></span> <span class='ocrx_word' id='word_1_98' title='bbox 980 1683 1121 1758; x_wconf 74' lang='lat' dir='ltr'><strong>seuquid</strong></span> 
     </span>
     <span class='ocr_line' id='line_1_15' title="bbox 175 1783 1095 1863; baseline 0.002 -24"><span class='ocrx_word' id='word_1_99' title='bbox 175 1784 276 1842; x_wconf 87' lang='lat' dir='ltr'><strong>Turba</strong></span> <span class='ocrx_word' id='word_1_100' title='bbox 289 1785 413 1844; x_wconf 57' lang='lat' dir='ltr'><strong>Remu</strong></span> <span class='ocrx_word' id='word_1_101' title='bbox 458 1786 626 1860; x_wconf 85' lang='lat' dir='ltr'><strong>“Sequitur</strong></span> <span class='ocrx_word' id='word_1_102' title='bbox 637 1783 792 1860; x_wconf 81' lang='lat' dir='ltr'><strong>fortunam,</strong></span> <span class='ocrx_word' id='word_1_103' title='bbox 807 1794 842 1844; x_wconf 90' lang='lat' dir='ltr'><strong>ut</strong></span> <span class='ocrx_word' id='word_1_104' title='bbox 855 1803 974 1863; x_wconf 82' lang='lat' dir='ltr'><strong>semper,</strong></span> <span class='ocrx_word' id='word_1_105' title='bbox 989 1791 1019 1844; x_wconf 85' lang='lat' dir='ltr'><strong>et</strong></span> <span class='ocrx_word' id='word_1_106' title='bbox 1033 1784 1095 1841; x_wconf 90' lang='lat' dir='ltr'><strong>odit</strong></span> 
     </span>
     <span class='ocr_line' id='line_1_16' title="bbox 173 1879 889 1957; baseline 0.007 -20"><span class='ocrx_word' id='word_1_107' title='bbox 173 1879 343 1939; x_wconf 85' lang='lat' dir='ltr'><strong>Damnatos.</strong></span> <span class='ocrx_word' id='word_1_108' title='bbox 385 1881 466 1939; x_wconf 87' lang='lat' dir='ltr'><strong>Idem</strong></span> <span class='ocrx_word' id='word_1_109' title='bbox 483 1883 617 1957; x_wconf 83' lang='lat' dir='ltr'><strong>populus,</strong></span> <span class='ocrx_word' id='word_1_110' title='bbox 633 1883 659 1940; x_wconf 80' lang='lat' dir='ltr'><strong>si</strong></span> <span class='ocrx_word' id='word_1_111' title='bbox 671 1883 780 1942; x_wconf 84' lang='lat' dir='ltr'><strong>Nurtia</strong></span> <span class='ocrx_word' id='word_1_112' title='bbox 793 1885 889 1942; x_wconf 76' lang='lat' dir='ltr'><strong>Tusm</strong></span> 
     </span>
    </p>

    <p class='ocr_par' dir='ltr' id='par_1_9' title="bbox 173 1977 853 2053">
     <span class='ocr_line' id='line_1_17' title="bbox 173 1977 853 2053; baseline 0.007 -20"><span class='ocrx_word' id='word_1_113' title='bbox 173 1977 316 2049; x_wconf 83' lang='lat' dir='ltr'><strong>Favisset,</strong></span> <span class='ocrx_word' id='word_1_114' title='bbox 331 1977 356 2034; x_wconf 84' lang='lat' dir='ltr'><strong>si</strong></span> <span class='ocrx_word' id='word_1_115' title='bbox 371 1995 507 2053; x_wconf 82' lang='lat' dir='ltr'><strong>oppressa</strong></span> <span class='ocrx_word' id='word_1_116' title='bbox 519 1979 594 2036; x_wconf 82' lang='lat' dir='ltr'><strong>foret</strong></span> <span class='ocrx_word' id='word_1_117' title='bbox 608 1997 710 2038; x_wconf 80' lang='lat' dir='ltr'><strong>secura</strong></span> <span class='ocrx_word' id='word_1_118' title='bbox 722 1989 853 2039; x_wconf 77' lang='lat' dir='ltr'><strong>senarius</strong></span> 
     </span>
    </p>

    <p class='ocr_par' dir='ltr' id='par_1_10' title="bbox 173 2074 1260 2442">
     <span class='ocr_line' id='line_1_18' title="bbox 173 2074 1103 2170; baseline 0.003 -38"><span class='ocrx_word' id='word_1_119' title='bbox 173 2074 328 2151; x_wconf 81' lang='lat' dir='ltr'><strong>Principis,</strong></span> <span class='ocrx_word' id='word_1_120' title='bbox 343 2075 399 2133; x_wconf 84' lang='lat' dir='ltr'><strong>hae</strong></span> <span class='ocrx_word' id='word_1_121' title='bbox 411 2075 476 2151; x_wconf 84' lang='lat' dir='ltr'><strong>ipsu</strong></span> <span class='ocrx_word' id='word_1_122' title='bbox 489 2075 627 2150; x_wconf 83' lang='lat' dir='ltr'><strong>Sejanum</strong></span> <span class='ocrx_word' id='word_1_123' title='bbox 640 2077 747 2134; x_wconf 85' lang='lat' dir='ltr'><strong>diceret</strong></span> <span class='ocrx_word' id='word_1_124' title='bbox 760 2079 832 2135; x_wconf 85' lang='lat' dir='ltr'><strong>hora</strong></span> <span class='ocrx_word' id='word_1_125' title='bbox 1096 2138 1103 2170; x_wconf 66' lang='lat' dir='ltr'><strong>r</strong></span> 
     </span>
     <span class='ocr_line' id='line_1_19' title="bbox 173 2164 1260 2248; baseline 0 -19"><span class='ocrx_word' id='word_1_126' title='bbox 173 2172 350 2246; x_wconf 83' lang='lat' dir='ltr'><strong>Augustum.</strong></span> <span class='ocrx_word' id='word_1_127' title='bbox 394 2172 465 2230; x_wconf 84' lang='lat' dir='ltr'><strong>Jam</strong></span> <span class='ocrx_word' id='word_1_128' title='bbox 478 2171 597 2248; x_wconf 84' lang='lat' dir='ltr'><strong>pridem,</strong></span> <span class='ocrx_word' id='word_1_129' title='bbox 613 2190 651 2230; x_wconf 84' lang='lat' dir='ltr'><strong>ex</strong></span> <span class='ocrx_word' id='word_1_130' title='bbox 663 2173 1063 2248; x_wconf 56' lang='lat' dir='ltr'><strong>quosuffragianullitwwe</strong></span> <span class='ocrx_word' id='word_1_131' title='bbox 1077 2164 1086 2220; x_wconf 66' lang='lat'><strong>3</strong></span> <span class='ocrx_word' id='word_1_132' title='bbox 1103 2191 1125 2214; x_wconf 45' lang='lat' dir='ltr'><strong>*e</strong></span> <span class='ocrx_word' id='word_1_133' title='bbox 1155 2187 1158 2194; x_wconf 86' lang='lat'>·</span> <span class='ocrx_word' id='word_1_134' title='bbox 1222 2171 1260 2202; x_wconf 41' lang='grc' dir='ltr'>Ἀ</span> 
     </span>
     <span class='ocr_line' id='line_1_20' title="bbox 174 2260 970 2344; baseline 0.003 -18"><span class='ocrx_word' id='word_1_135' title='bbox 174 2267 342 2341; x_wconf 82' lang='lat' dir='ltr'><strong>Vendimue,</strong></span> <span class='ocrx_word' id='word_1_136' title='bbox 359 2268 462 2328; x_wconf 87' lang='lat' dir='ltr'><strong>effudit</strong></span> <span class='ocrx_word' id='word_1_137' title='bbox 476 2287 570 2328; x_wconf 81' lang='lat' dir='ltr'><strong>eures.</strong></span> <span class='ocrx_word' id='word_1_138' title='bbox 611 2268 690 2327; x_wconf 87' lang='lat' dir='ltr'><strong>Nam</strong></span> <span class='ocrx_word' id='word_1_139' title='bbox 703 2271 755 2344; x_wconf 92' lang='lat' dir='ltr'><strong>qui</strong></span> <span class='ocrx_word' id='word_1_140' title='bbox 768 2271 857 2344; x_wconf 72' lang='lat' dir='ltr'><strong>dubat</strong></span> <span class='ocrx_word' id='word_1_141' title='bbox 870 2271 942 2328; x_wconf 89' lang='lat' dir='ltr'><strong>olim</strong></span> <span class='ocrx_word' id='word_1_142' title='bbox 963 2260 970 2290; x_wconf 82' lang='grc'><strong>’“</strong></span> 
     </span>
     <span class='ocr_line' id='line_1_21' title="bbox 174 2363 871 2442; baseline 0.004 -20"><span class='ocrx_word' id='word_1_143' title='bbox 174 2363 344 2440; x_wconf 84' lang='lat' dir='ltr'><strong>Imperium,</strong></span> <span class='ocrx_word' id='word_1_144' title='bbox 357 2364 456 2439; x_wconf 84' lang='lat' dir='ltr'><strong>fasees,</strong></span> <span class='ocrx_word' id='word_1_145' title='bbox 472 2365 610 2442; x_wconf 68' lang='lat' dir='ltr'><strong>legionea</strong></span> <span class='ocrx_word' id='word_1_146' title='bbox 626 2367 735 2440; x_wconf 85' lang='lat' dir='ltr'><strong>omnia,</strong></span> <span class='ocrx_word' id='word_1_147' title='bbox 750 2385 828 2426; x_wconf 83' lang='lat' dir='ltr'><strong>nunu</strong></span> <span class='ocrx_word' id='word_1_148' title='bbox 841 2385 871 2425; x_wconf 84' lang='lat' dir='ltr'><strong>se</strong></span> 
     </span>
    </p>

    <p class='ocr_par' dir='ltr' id='par_1_11' title="bbox 176 2461 1132 2541">
     <span class='ocr_line' id='line_1_22' title="bbox 176 2461 1132 2541; baseline 0.001 -19"><span class='ocrx_word' id='word_1_149' title='bbox 176 2461 323 2536; x_wconf 82' lang='lat' dir='ltr'><strong>Continet,</strong></span> <span class='ocrx_word' id='word_1_150' title='bbox 338 2471 425 2538; x_wconf 79' lang='lat' dir='ltr'><strong>atque</strong></span> <span class='ocrx_word' id='word_1_151' title='bbox 438 2464 511 2522; x_wconf 77' lang='lat' dir='ltr'><strong>duas</strong></span> <span class='ocrx_word' id='word_1_152' title='bbox 525 2471 642 2524; x_wconf 82' lang='lat' dir='ltr'><strong>tantum</strong></span> <span class='ocrx_word' id='word_1_153' title='bbox 655 2483 701 2523; x_wconf 84' lang='lat' dir='ltr'><strong>res</strong></span> <span class='ocrx_word' id='word_1_154' title='bbox 717 2465 824 2522; x_wconf 85' lang='lat' dir='ltr'><strong>anxius</strong></span> <span class='ocrx_word' id='word_1_155' title='bbox 837 2472 930 2541; x_wconf 87' lang='lat' dir='ltr'><strong>optat,</strong></span> <span class='ocrx_word' id='word_1_156' title='bbox 1000 2475 1002 2478; x_wconf 82' lang='lat'>&#39;</span> <span class='ocrx_word' id='word_1_157' title='bbox 1092 2463 1132 2523; x_wconf 83' lang='lat'><strong>80</strong></span> 
     </span>
    </p>
   </div>
   <div class='ocr_carea' id='block_1_3' title="bbox 52 2561 988 2622">
    <p class='ocr_par' dir='ltr' id='par_1_12' title="bbox 52 2561 988 2622">
     <span class='ocr_line' id='line_1_23' title="bbox 52 2561 988 2622; baseline 0.006 -6"><span class='ocrx_word' id='word_1_158' title='bbox 52 2612 54 2616; x_wconf 83' lang='lat'><em>.</em></span> <span class='ocrx_word' id='word_1_159' title='bbox 174 2561 285 2618; x_wconf 86' lang='lat' dir='ltr'><strong>Panem</strong></span> <span class='ocrx_word' id='word_1_160' title='bbox 298 2570 329 2619; x_wconf 90' lang='lat' dir='ltr'><strong>et</strong></span> <span class='ocrx_word' id='word_1_161' title='bbox 343 2561 517 2622; x_wconf 44' lang='lat' dir='ltr'><strong>cucone&amp;</strong></span> <span class='ocrx_word' id='word_1_162' title='bbox 562 2562 739 2621; x_wconf 80' lang='lat' dir='ltr'><strong>“Perituros</strong></span> <span class='ocrx_word' id='word_1_163' title='bbox 753 2565 841 2622; x_wconf 82' lang='lat' dir='ltr'><strong>audio</strong></span> <span class='ocrx_word' id='word_1_164' title='bbox 854 2565 988 2622; x_wconf 77' lang='lat' dir='ltr'><strong>multest’&#39;</strong></span> 
     </span>
    </p>
   </div>
   <div class='ocr_carea' id='block_1_4' title="bbox 175 2655 1008 3030">
    <p class='ocr_par' dir='ltr' id='par_1_13' title="bbox 175 2655 1008 2934">
     <span class='ocr_line' id='line_1_24' title="bbox 178 2655 1008 2736; baseline 0.008 -23"><span class='ocrx_word' id='word_1_165' title='bbox 178 2655 258 2714; x_wconf 88' lang='lat' dir='ltr'><strong>“Nil</strong></span> <span class='ocrx_word' id='word_1_166' title='bbox 272 2657 409 2728; x_wconf 87' lang='lat' dir='ltr'><strong>dubium:</strong></span> <span class='ocrx_word' id='word_1_167' title='bbox 430 2677 539 2736; x_wconf 81' lang='lat' dir='ltr'><strong>magna</strong></span> <span class='ocrx_word' id='word_1_168' title='bbox 551 2667 595 2718; x_wconf 81' lang='lat' dir='ltr'><strong>eat</strong></span> <span class='ocrx_word' id='word_1_169' title='bbox 608 2658 774 2718; x_wconf 78' lang='lat' dir='ltr'><strong>fornacula:</strong></span> <span class='ocrx_word' id='word_1_170' title='bbox 797 2661 953 2736; x_wconf 80' lang='lat' dir='ltr'><strong>pallidulua</strong></span> <span class='ocrx_word' id='word_1_171' title='bbox 967 2665 1008 2720; x_wconf 83' lang='lat' dir='ltr'><strong>mi</strong></span> 
     </span>
     <span class='ocr_line' id='line_1_25' title="bbox 175 2756 913 2844; baseline 0.007 -30"><span class='ocrx_word' id='word_1_172' title='bbox 175 2756 326 2816; x_wconf 80' lang='lat' dir='ltr'><strong>Brutidius</strong></span> <span class='ocrx_word' id='word_1_173' title='bbox 340 2777 421 2818; x_wconf 85' lang='lat' dir='ltr'><strong>meus</strong></span> <span class='ocrx_word' id='word_1_174' title='bbox 434 2760 472 2816; x_wconf 84' lang='lat' dir='ltr'><strong>ad</strong></span> <span class='ocrx_word' id='word_1_175' title='bbox 485 2761 591 2818; x_wconf 79' lang='lat' dir='ltr'><strong>Martis</strong></span> <span class='ocrx_word' id='word_1_176' title='bbox 605 2759 662 2818; x_wconf 80' lang='lat' dir='ltr'><strong>fuit</strong></span> <span class='ocrx_word' id='word_1_177' title='bbox 676 2760 779 2819; x_wconf 84' lang='lat' dir='ltr'><strong>obvius</strong></span> <span class='ocrx_word' id='word_1_178' title='bbox 792 2779 882 2819; x_wconf 85' lang='lat' dir='ltr'><strong>aram.</strong></span> <span class='ocrx_word' id='word_1_179' title='bbox 904 2829 913 2844; x_wconf 43' lang='grc'><strong>.</strong></span> 
     </span>
     <span class='ocr_line' id='line_1_26' title="bbox 176 2855 878 2934; baseline 0.006 -23"><span class='ocrx_word' id='word_1_180' title='bbox 176 2855 275 2926; x_wconf 76' lang='lat' dir='ltr'><strong>Quam</strong></span> <span class='ocrx_word' id='word_1_181' title='bbox 287 2856 387 2928; x_wconf 88' lang='lat' dir='ltr'><strong>timeo,</strong></span> <span class='ocrx_word' id='word_1_182' title='bbox 401 2857 547 2916; x_wconf 32' lang='lat' dir='ltr'><strong>victusvne</strong></span> <span class='ocrx_word' id='word_1_183' title='bbox 560 2874 661 2934; x_wconf 79' lang='lat' dir='ltr'><strong>peenas</strong></span> <span class='ocrx_word' id='word_1_184' title='bbox 674 2859 773 2934; x_wconf 86' lang='lat' dir='ltr'><strong>exigat</strong></span> <span class='ocrx_word' id='word_1_185' title='bbox 786 2857 878 2932; x_wconf 86' lang='lat' dir='ltr'><strong>Ajax,</strong></span> 
     </span>
    </p>

    <p class='ocr_par' dir='ltr' id='par_1_14' title="bbox 175 2951 935 3030">
     <span class='ocr_line' id='line_1_27' title="bbox 175 2951 935 3030; baseline 0.004 -21"><span class='ocrx_word' id='word_1_186' title='bbox 175 2951 220 3010; x_wconf 91' lang='lat' dir='ltr'><strong>Ut</strong></span> <span class='ocrx_word' id='word_1_187' title='bbox 232 2951 309 3009; x_wconf 88' lang='lat' dir='ltr'><strong>mala</strong></span> <span class='ocrx_word' id='word_1_188' title='bbox 322 2951 455 3010; x_wconf 80' lang='lat' dir='ltr'><strong>defensus</strong></span> <span class='ocrx_word' id='word_1_189' title='bbox 462 2953 489 3009; x_wconf 86' lang='lat'><strong>1’&#39;</strong></span> <span class='ocrx_word' id='word_1_190' title='bbox 520 2957 540 2988; x_wconf 88' lang='lat'><strong>“</strong></span> <span class='ocrx_word' id='word_1_191' title='bbox 550 2953 596 3028; x_wconf 63' lang='lat' dir='ltr'><strong>{lu</strong></span> <span class='ocrx_word' id='word_1_192' title='bbox 627 2973 710 3024; x_wconf 81' lang='lat' dir='ltr'><strong>umus</strong></span> <span class='ocrx_word' id='word_1_193' title='bbox 723 2956 884 3030; x_wconf 83' lang='lat' dir='ltr'><strong>praecipites</strong></span> <span class='ocrx_word' id='word_1_194' title='bbox 897 2963 935 3026; x_wconf 92' lang='lat' dir='ltr'><strong>et,</strong></span> 
     </span>
    </p>
   </div>
   <div class='ocr_carea' id='block_1_5' title="bbox 59 3038 927 3122">
    <p class='ocr_par' dir='ltr' id='par_1_15' title="bbox 59 3038 927 3122">
     <span class='ocr_line' id='line_1_28' title="bbox 59 3038 927 3122; baseline 0.001 -17"><span class='ocrx_word' id='word_1_195' title='bbox 59 3103 61 3111; x_wconf 81' lang='grc'>,</span> <span class='ocrx_word' id='word_1_196' title='bbox 175 3048 258 3106; x_wconf 91' lang='lat' dir='ltr'><strong>Dum</strong></span> <span class='ocrx_word' id='word_1_197' title='bbox 267 3038 476 3122; x_wconf 79' lang='lat' dir='ltr'><strong>jaeetinripa,</strong></span> <span class='ocrx_word' id='word_1_198' title='bbox 539 3065 600 3106; x_wconf 87' lang='lat' dir='ltr'><strong>eem</strong></span> <span class='ocrx_word' id='word_1_199' title='bbox 620 3039 774 3108; x_wconf 45' lang='lat' dir='ltr'><strong>‘evasuris</strong></span> <span class='ocrx_word' id='word_1_200' title='bbox 787 3053 927 3108; x_wconf 82' lang='lat' dir='ltr'><strong>hostem.’&#39;</strong></span> 
     </span>
    </p>
   </div>
   <div class='ocr_carea' id='block_1_6' title="bbox 179 3139 1173 3223">
    <p class='ocr_par' dir='ltr' id='par_1_16' title="bbox 179 3139 1173 3223">
     <span class='ocr_line' id='line_1_29' title="bbox 179 3139 1173 3223; baseline 0.002 -19"><span class='ocrx_word' id='word_1_201' title='bbox 179 3149 197 3180; x_wconf 88' lang='lat'>“</span> <span class='ocrx_word' id='word_1_202' title='bbox 206 3145 264 3204; x_wconf 84' lang='lat' dir='ltr'><strong>Sed</strong></span> <span class='ocrx_word' id='word_1_203' title='bbox 272 3144 396 3202; x_wconf 83' lang='lat' dir='ltr'><strong>-videant</strong></span> <span class='ocrx_word' id='word_1_204' title='bbox 409 3146 492 3215; x_wconf 81' lang='lat' dir='ltr'><strong>servi,</strong></span> <span class='ocrx_word' id='word_1_205' title='bbox 509 3147 625 3219; x_wconf 83' lang='lat' dir='ltr'><strong>nequis</strong></span> <span class='ocrx_word' id='word_1_206' title='bbox 639 3139 723 3223; x_wconf 85' lang='lat' dir='ltr'><strong>nege&#39;t</strong></span> <span class='ocrx_word' id='word_1_207' title='bbox 737 3155 766 3204; x_wconf 90' lang='lat' dir='ltr'><strong>et</strong></span> <span class='ocrx_word' id='word_1_208' title='bbox 780 3147 918 3222; x_wconf 85' lang='lat' dir='ltr'><strong>pavidum</strong></span> <span class='ocrx_word' id='word_1_209' title='bbox 930 3145 1020 3222; x_wconf 83' lang='lat' dir='ltr'><strong>injus</strong></span> <span class='ocrx_word' id='word_1_210' title='bbox 1035 3183 1055 3194; x_wconf 79' lang='grc'><strong>-</strong></span> <span class='ocrx_word' id='word_1_211' title='bbox 1111 3191 1116 3205; x_wconf 88' lang='grc'>.</span> <span class='ocrx_word' id='word_1_212' title='bbox 1166 3189 1173 3206; x_wconf 94' lang='grc'>.</span> 
     </span>
    </p>
   </div>
   <div class='ocr_carea' id='block_1_7' title="bbox 177 3215 1325 3320">
    <p class='ocr_par' dir='ltr' id='par_1_17' title="bbox 177 3215 1325 3320">
     <span class='ocr_line' id='line_1_30' title="bbox 177 3215 1325 3320; baseline 0.001 -21"><span class='ocrx_word' id='word_1_213' title='bbox 177 3240 298 3299; x_wconf 87' lang='lat' dir='ltr'><strong>Cerviee</strong></span> <span class='ocrx_word' id='word_1_214' title='bbox 312 3239 434 3299; x_wconf 83' lang='lat' dir='ltr'><strong>astricta</strong></span> <span class='ocrx_word' id='word_1_215' title='bbox 447 3241 598 3299; x_wconf 87' lang='lat' dir='ltr'><strong>dominum</strong></span> <span class='ocrx_word' id='word_1_216' title='bbox 612 3243 739 3320; x_wconf 81' lang='lat' dir='ltr'><strong>trahat.&#39;&#39;</strong></span> <span class='ocrx_word' id='word_1_217' title='bbox 782 3242 825 3300; x_wconf 93' lang='lat' dir='ltr'><strong>Hi</strong></span> <span class='ocrx_word' id='word_1_218' title='bbox 839 3260 983 3302; x_wconf 81' lang='lat' dir='ltr'><strong>sermones</strong></span> <span class='ocrx_word' id='word_1_219' title='bbox 999 3215 1194 3313; x_wconf 39' lang='lat' dir='ltr'><strong>Cium&amp;</strong></span> <span class='ocrx_word' id='word_1_220' title='bbox 1275 3287 1279 3293; x_wconf 84' lang='lat'>.</span> <span class='ocrx_word' id='word_1_221' title='bbox 1324 3215 1325 3232; x_wconf 18' lang='lat' dir='ltr'>i</span> 
     </span>
    </p>
   </div>
   <div class='ocr_carea' id='block_1_8' title="bbox 126 3336 1132 3904">
    <p class='ocr_par' dir='ltr' id='par_1_18' title="bbox 176 3336 904 3418">
     <span class='ocr_line' id='line_1_31' title="bbox 176 3336 904 3418; baseline 0.003 -24"><span class='ocrx_word' id='word_1_222' title='bbox 176 3338 260 3396; x_wconf 75' lang='lat' dir='ltr'><strong>&#39;Iunc</strong></span> <span class='ocrx_word' id='word_1_223' title='bbox 273 3338 309 3396; x_wconf 89' lang='lat' dir='ltr'><strong>de</strong></span> <span class='ocrx_word' id='word_1_224' title='bbox 323 3336 438 3412; x_wconf 80' lang='lat' dir='ltr'><strong>Sejano,</strong></span> <span class='ocrx_word' id='word_1_225' title='bbox 453 3348 564 3398; x_wconf 77' lang='lat' dir='ltr'><strong>secreta</strong></span> <span class='ocrx_word' id='word_1_226' title='bbox 576 3339 639 3399; x_wconf 83' lang='lat' dir='ltr'><strong>haee</strong></span> <span class='ocrx_word' id='word_1_227' title='bbox 651 3359 802 3398; x_wconf 85' lang='lat' dir='ltr'><strong>murmura</strong></span> <span class='ocrx_word' id='word_1_228' title='bbox 816 3341 904 3418; x_wconf 83' lang='lat' dir='ltr'><strong>vulgi.</strong></span> 
     </span>
    </p>

    <p class='ocr_par' dir='ltr' id='par_1_19' title="bbox 176 3435 1132 3611">
     <span class='ocr_line' id='line_1_32' title="bbox 176 3435 1132 3513; baseline 0.009 -22"><span class='ocrx_word' id='word_1_229' title='bbox 176 3435 267 3492; x_wconf 87' lang='lat' dir='ltr'><strong>Visne</strong></span> <span class='ocrx_word' id='word_1_230' title='bbox 280 3435 402 3494; x_wconf 82' lang='lat' dir='ltr'><strong>salutari</strong></span> <span class='ocrx_word' id='word_1_231' title='bbox 416 3436 491 3496; x_wconf 86' lang='lat' dir='ltr'><strong>sieut</strong></span> <span class='ocrx_word' id='word_1_232' title='bbox 505 3435 649 3513; x_wconf 69' lang='lat' dir='ltr'><strong>Sejanus?</strong></span> <span class='ocrx_word' id='word_1_233' title='bbox 670 3440 776 3498; x_wconf 85' lang='lat' dir='ltr'><strong>habere</strong></span> <span class='ocrx_word' id='word_1_234' title='bbox 1092 3441 1132 3500; x_wconf 89' lang='grc'><strong>90</strong></span> 
     </span>
     <span class='ocr_line' id='line_1_33' title="bbox 177 3531 927 3611; baseline 0.008 -23"><span class='ocrx_word' id='word_1_235' title='bbox 177 3531 370 3606; x_wconf 84' lang='lat' dir='ltr'><strong>Tantundem,</strong></span> <span class='ocrx_word' id='word_1_236' title='bbox 384 3541 471 3608; x_wconf 85' lang='lat' dir='ltr'><strong>atque</strong></span> <span class='ocrx_word' id='word_1_237' title='bbox 484 3535 528 3594; x_wconf 90' lang='lat' dir='ltr'><strong>illi</strong></span> <span class='ocrx_word' id='word_1_238' title='bbox 540 3553 670 3596; x_wconf 75' lang='lat' dir='ltr'><strong>summas</strong></span> <span class='ocrx_word' id='word_1_239' title='bbox 683 3537 792 3597; x_wconf 85' lang='lat' dir='ltr'><strong>donare</strong></span> <span class='ocrx_word' id='word_1_240' title='bbox 804 3539 927 3611; x_wconf 81' lang='lat' dir='ltr'><strong>curules,</strong></span> 
     </span>
    </p>

    <p class='ocr_par' dir='ltr' id='par_1_20' title="bbox 126 3621 918 3707">
     <span class='ocr_line' id='line_1_34' title="bbox 126 3621 918 3707; baseline 0.011 -23"><span class='ocrx_word' id='word_1_241' title='bbox 126 3621 127 3626; x_wconf 65' lang='grc'>’</span> <span class='ocrx_word' id='word_1_242' title='bbox 177 3627 266 3686; x_wconf 81' lang='lat' dir='ltr'><strong>illum</strong></span> <span class='ocrx_word' id='word_1_243' title='bbox 279 3630 453 3690; x_wconf 82' lang='lat' dir='ltr'><strong>exercitibus</strong></span> <span class='ocrx_word' id='word_1_244' title='bbox 465 3635 653 3707; x_wconf 73' lang='lat' dir='ltr'><strong>praeponeret</strong></span> <span class='ocrx_word' id='word_1_245' title='bbox 675 3642 756 3692; x_wconf 88' lang='lat' dir='ltr'><strong>tutor</strong></span> <span class='ocrx_word' id='word_1_246' title='bbox 767 3636 869 3693; x_wconf 86' lang='lat' dir='ltr'><strong>haberi</strong></span> <span class='ocrx_word' id='word_1_247' title='bbox 914 3621 918 3627; x_wconf 40' lang='lat'>¹</span> 
     </span>
    </p>

    <p class='ocr_par' dir='ltr' id='par_1_21' title="bbox 176 3725 922 3808">
     <span class='ocr_line' id='line_1_35' title="bbox 176 3725 922 3808; baseline 0.008 -26"><span class='ocrx_word' id='word_1_248' title='bbox 176 3725 322 3803; x_wconf 81' lang='lat' dir='ltr'><strong>Principis</strong></span> <span class='ocrx_word' id='word_1_249' title='bbox 336 3736 462 3804; x_wconf 80' lang='lat' dir='ltr'><strong>angusta</strong></span> <span class='ocrx_word' id='word_1_250' title='bbox 475 3729 654 3806; x_wconf 80' lang='lat' dir='ltr'><strong>Caprearum</strong></span> <span class='ocrx_word' id='word_1_251' title='bbox 666 3733 698 3789; x_wconf 89' lang='lat' dir='ltr'><strong>in</strong></span> <span class='ocrx_word' id='word_1_252' title='bbox 712 3751 783 3808; x_wconf 89' lang='lat' dir='ltr'><strong>rupe</strong></span> <span class='ocrx_word' id='word_1_253' title='bbox 795 3733 922 3789; x_wconf 80' lang='lat' dir='ltr'><strong>sedentis</strong></span> 
     </span>
    </p>

    <p class='ocr_par' dir='ltr' id='par_1_22' title="bbox 177 3822 951 3904">
     <span class='ocr_line' id='line_1_36' title="bbox 177 3822 951 3904; baseline 0.004 -23"><span class='ocrx_word' id='word_1_254' title='bbox 177 3822 253 3881; x_wconf 84' lang='lat' dir='ltr'><strong>Cum</strong></span> <span class='ocrx_word' id='word_1_255' title='bbox 268 3841 353 3900; x_wconf 83' lang='lat' dir='ltr'><strong>grege</strong></span> <span class='ocrx_word' id='word_1_256' title='bbox 367 3824 525 3884; x_wconf 78' lang='lat' dir='ltr'><strong>ohaldaeot</strong></span> <span class='ocrx_word' id='word_1_257' title='bbox 566 3827 622 3884; x_wconf 82' lang='lat' dir='ltr'><strong>Vis</strong></span> <span class='ocrx_word' id='word_1_258' title='bbox 633 3835 711 3884; x_wconf 84' lang='lat' dir='ltr'><strong>certe</strong></span> <span class='ocrx_word' id='word_1_259' title='bbox 723 3828 794 3904; x_wconf 88' lang='lat' dir='ltr'><strong>pila,</strong></span> <span class='ocrx_word' id='word_1_260' title='bbox 810 3829 951 3898; x_wconf 79' lang='lat' dir='ltr'><strong>cohortes,</strong></span> 
     </span>
    </p>
   </div>
   <div class='ocr_carea' id='block_1_9' title="bbox 0 0 1338 4348">
    <p class='ocr_par' dir='ltr' id='par_1_23' title="bbox 0 0 1338 4348">
     <span class='ocr_line' id='line_1_37' title="bbox 0 0 1338 4348; baseline 0 0"><span class='ocrx_word' id='word_1_261' title='bbox 0 0 1338 4348; x_wconf 95' lang='lat' dir='ltr'><strong> </strong></span> 
     </span>
    </p>
   </div>
  </div>
 </body>
</html>
