2654 4348
152 290 192 344 12
457 303 489 345 o.
508 303 597 346 suun
619 304 797 349 Juvnusms

148 435 294 493 Hortalus
307 435 356 492 hic
368 443 531 511 puteusque
543 435 638 494 brevis
651 453 705 493 nec
716 443 795 494 reste
807 434 967 496 movendus
1041 497 1045 504 ,

148 532 185 589 In
199 539 300 590 tenues
312 531 429 606 plantas
442 531 520 590 facili
534 531 706 589 diffunditur
719 533 835 590 haustu.

148 629 225 687 Vive
238 629 364 687 bidentis
377 647 489 700 amans,
501 636 531 685 et
544 629 615 686 culti
628 631 743 688 villicus
755 629 843 701 horti,

149 726 235 782 Unde
248 726 366 801 epulum
379 725 471 801 possis
484 733 601 783 centum
616 727 686 783 dare
699 727 900 803 Pythagoreis
1045 727 1105 787 210

148 824 204 880 Est
217 824 337 897 aliquid,
352 829 534 897 quocumque
547 822 621 894 loco,
637 841 820 898 quocumque
833 841 956 897 recessu,

148 915 244 972 Unius
259 933 318 973 sese
331 915 482 972 dominum
495 915 595 973 fecisse
609 915 732 974 lacerta.

187 1012 336 1070 Plurimus
349 1013 397 1069 hic
410 1030 487 1088 aeger
498 1014 623 1070 moritur
637 1013 805 1089 vigilando:
827 1014 877 1072 sed
890 1014 975 1138 illurp

147 1109 331 1184 languorem
345 1109 456 1184 peperit
469 1110 549 1168 cibus
562 1109 749 1186 imperfectus
765 1119 794 1167 ct
807 1112 919 1170 haerens
959 1113 978 1148 l'
1001 1113 1043 1198 J*

147 1204 273 1262 Ardemi
287 1207 442 1264 stomacho.
486 1206 646 1281 Numquae
661 1208 810 1266 meritorie
824 1227 959 1267 somnum

147 1302 337 1362 Admittunt?
378 1302 497 1379 Magnis
510 1304 613 1380 opibus
628 1305 774 1364 dormitur
786 1305 818 1362 in
831 1305 929 1363 Urbe:

147 1399 220 1456 Inde
233 1409 320 1475 caput
333 1400 436 1457 morbi.
476 1401 626 1458 Rodarum
641 1402 782 1460 transitus
795 1409 877 1458 arcto

145 1496 288 1555 Vicorum
300 1496 332 1553 in
345 1497 431 1570 flexu,
442 1506 472 1556 et
485 1499 589 1556 stantis
603 1499 736 1556 convicia
750 1497 887 1569 mandre,

146 1593 278 1669 Eripieut
291 1613 424 1652 somnum
437 1595 536 1652 Druso
549 1594 708 1666 vitulisque
721 1593 852 1650 marinis.

147 1690 179 1747 Si
193 1698 278 1748 vocat
291 1691 427 1762 officium,
442 1693 530 1748 turba
546 1691 665 1748 cedente
678 1691 801 1748 vehetur
1046 1689 1106 1749 220

146 1787 245 1860 Dives,
256 1795 286 1843 et
299 1788 411 1863 ingenti
426 1795 522 1845 curret
536 1805 621 1863 super
636 1806 689 1846 ora
701 1787 842 1860 Liburno,
1128 1782 1138 1792 ’

146 1883 246 1957 Atque
258 1884 353 1940 obiter
364 1883 441 1960 leget
453 1891 506 1941 aut
520 1885 626 1942 scribet
640 1884 688 1942 vel
702 1884 826 1942 dormiet
837 1884 926 1942 intus.

146 1979 280 2054 Namque
292 1979 363 2038 facit
377 1999 510 2039 somnum
526 1981 627 2039 clausa
640 1981 744 2039 lectica
757 1978 889 2039 fenestra.

145 2077 227 2134 Ante
240 2085 338 2135 tamen
351 2079 447 2137 veniet
458 2101 467 2146 3
487 2079 570 2136 nobis
585 2079 808 2155 properantibus
823 2079 920 2137 obstat

145 2173 234 2232 Unda
247 2175 334 2248 prior,
349 2191 455 2252 magno
468 2177 594 2250 populus
607 2177 714 2250 premit
727 2174 843 2251 agmine
855 2174 970 2232 lumbos

146 2270 206 2342 Qui
218 2274 367 2346 sequitur3
389 2271 458 2330 ferit
472 2274 520 2330 hio
534 2273 643 2344 cubito,
659 2270 727 2329 ferit
741 2289 836 2329 assere
849 2271 923 2329 duro

146 2369 251 2438 Alter3
272 2377 303 2428 at
316 2371 364 2428 hic
376 2372 491 2446 tignum
505 2369 596 2444 capiti
609 2370 725 2440 incutit,
741 2369 792 2425 ille
805 2375 968 2426 metretam

140 2467 271 2541 ‘Pinguia
284 2485 370 2524 crura
381 2468 453 2538 luto,
468 2467 570 2541 planta
582 2482 655 2522 mcx
670 2466 800 2538 undiquc
813 2479 920 2541 magna

147 2561 260 2635 Oalcor,
276 2564 350 2620 etin
364 2563 454 2639 digito
467 2564 567 2620 clavus
581 2563 654 2619 mibi
669 2563 771 2620 militis
784 2564 882 2621 haeret.

185 2657 291 2716 Nonne
303 2659 384 2718 vides
397 2667 507 2732 quanto
521 2650 683 2726 celebretur
697 2658 828 2734 sportula
841 2657 945 2716 fumol
1045 2659 1104 2716 230

147 2755 273 2814 Centum
285 2755 432 2821 convivee;
453 2755 585 2828 sequitur
597 2773 651 2812 sua
666 2771 809 2828 quemque
822 2755 931 2812 culina.

147 2851 274 2911 Corbulo
287 2853 340 2909 vix
353 2849 440 2909 ferret
454 2859 499 2909 tot
512 2869 584 2909 vasa
597 2851 743 2926 ingentia,'
752 2858 797 2909 tot
810 2868 857 2908 res

146 2948 302 3025 Impositos
316 2949 415 3023 capiti,
429 2956 503 3026 quot
516 2955 596 3007 recto
611 2948 718 3006 vertice
731 2955 830 3024 portat

146 3045 284 3104 Servulus
297 3044 399 3102 infelix
412 3051 442 3102 et
455 3063 543 3104 cursu
555 3045 679 3103 ventilat
692 3045 799 3120 ignem.

146 3141 325 3201 scinduntur
337 3143 443 3202 tunicae
457 3151 561 3201 sarta:
584 3143 671 3200 modo
684 3143 773 3218 longa
786 3150 918 3201 conrscat

147 3238 269 3296 Sarraco
281 3241 414 3296 veniente
427 3239 516 3311 abies„
529 3247 618 3313 atque
631 3240 724 3297 altera
737 3240 840 3314 pinum

145 3335 283 3392 Plaustra
295 3337 423 3404 vehunt;
443 3343 551 3393 nutant
564 3337 622 3394 alte
636 3334 802 3409 populoque
815 3336 981 3392 minantur:

144 3432 223 3488 Nam
238 3431 262 3489 si
275 3432 430 3505 procubuit
442 3432 493 3505 qui
506 3450 580 3490 saxa
593 3431 745 3506 Ligustica
756 3437 856 3505 portat

145 3528 231 3600 Axis,
247 3535 277 3585 et
290 3545 421 3585 eversum
434 3527 511 3586 fudit
523 3545 609 3602 super
621 3526 738 3600 agmina
751 3535 888 3599 montem,
985 3593 988 3602 .
1008 3577 1010 3591 .

146 3625 225 3695 Quid
237 3633 365 3699 superest
378 3623 413 3679 dc
427 3623 611 3698 corporibus?
633 3621 699 3694 quie
712 3623 851 3694 membra,
866 3610 1010 3695 quis'ossa
1041 3619 1101 3678 240

124 3719 283 3804 ·Ἰηνοηίιῗ
326 3719 477 3777 Obtritum
490 3719 570 3793 vulgi
584 3717 660 3792 perit
674 3735 759 3773 omne
773 3718 897 3774 cadaver
