2672 4350
533 389 536 414 ἱ
607 381 724 424 st'rmt
738 381 799 424 ¹XV.

225 515 290 574 Illis
303 514 454 574 dissimiles
467 521 609 574 etnostm
621 519 752 592 tempore
763 521 851 572 natoe.
967 517 970 522 '

225 612 305 670 Nam
318 630 409 689 genus
423 613 479 670 hoc
491 611 560 671 vivo
568 611 634 686 jam
648 611 829 670 demcscebat
842 611 982 670 Homero.
1108 631 1112 640 ·

225 712 318 769 Terra
330 710 424 768 malos
435 709 568 769 homines
581 727 660 767 nunc
673 708 779 767 educat
793 716 882 783 atque
895 707 1035 785 pusillos:
1144 706 1184 768 70

148 817 157 832 ·
226 808 305 885 Ergo
318 809 410 881 Deus,
425 807 590 882 quicunque
604 807 727 882 aspexit,
742 805 818 864 ridet
831 814 861 864 et
875 806 945 864 odit

266 905 299 963 A
311 903 483 963 diverticulo
496 910 645 980 repetatur
657 901 767 962 fabula.
808 904 970 977 Postquam

227 1003 370 1063 Subsidiis
384 1002 471 1075 aucti,
486 1019 554 1078 pars
569 1000 664 1059 altera
677 1017 808 1076 promere
820 997 929 1058 ferrum

227 1100 336 1173 Audet,
352 1107 381 1157 et
394 1098 504 1158 infestis
517 1115 646 1176 pugnam
659 1098 823 1156 instaurare
837 1097 969 1175 sagittis:

226 1197 323 1274 Terga
336 1196 407 1274 fuga
420 1195 504 1255 celeri
518 1195 722 1272 praestantibus
735 1194 879 1268 omnibus,
892 1195 1004 1254 instant

228 1295 287 1366 Qui
300 1294 396 1353 vicina
408 1294 509 1354 colunt
522 1295 666 1352 umbrosae
678 1293 810 1368 Tentyra
824 1293 936 1368 palmae.

226 1392 351 1450 Labitur
363 1392 432 1449 hinc
445 1391 574 1466 quidam,
587 1391 681 1449 nimia
693 1388 846 1448 formidine
859 1406 977 1450 cursum

227 1490 425 1568 Praecipitare,
440 1490 628 1566 capiturque:
651 1496 698 1546 est
712 1487 795 1546 illum
808 1487 840 1546 in
853 1486 981 1563 plurima
993 1492 1105 1545 sectum

200 1637 204 1644 .
227 1588 336 1647 Frusta
349 1595 379 1646 et
392 1588 559 1665 particulas,
573 1594 607 1645 ut
620 1586 722 1646 multis
734 1593 867 1644 mortuus
881 1603 958 1644 unus

228 1686 387 1758 Sufficeret,
402 1692 499 1744 totum
512 1684 634 1744 corrosis
648 1685 761 1744 ossibus
775 1684 837 1742 edit
1145 1682 1184 1741 80

229 1785 346 1843 Vrctrix
359 1781 446 1843 turba
453 1786 468 1843 ε’
484 1801 538 1843 nec
551 1783 665 1842 ardenti
678 1784 795 1842 decoxit
808 1801 881 1842 aeno
916 1847 918 1854 ,

229 1881 294 1940 Aut
306 1884 448 1942 verubusz
469 1881 590 1957 longum
604 1897 696 1956 usque
709 1881 783 1939 adeo
796 1881 970 1957 tardumque
982 1878 1100 1960 putavit

213 1979 405 2055 -Exspectare
418 1977 509 2051 focos,
521 1978 658 2038 contenta
671 1978 817 2038 cadavere.
825 1980 921 2046 crudo.

229 2077 289 2134 Hic
301 2077 426 2153 gaudere
439 2077 519 2149 libet,
536 2077 614 2152 quod
627 2094 685 2134 non
698 2075 857 2134 violaverit
867 2076 973 2153 ignem,

229 2165 326 2246 Quem
339 2175 534 2240 summacoeli
548 2181 668 2250 raptum
681 2173 718 2230 de
729 2181 815 2248 parte
827 2175 1020 2240 Prometheus

229 2271 361 2330 Donavit
374 2271 466 2330 terris.
508 2270 663 2329 Elementa
676 2270 817 2346 gratulor,
831 2278 861 2328 et
874 2278 904 2328 te

229 2363 389 2440 Exsultar'e
402 2371 488 2426 reor}
519 2367 577 2426 S‘ed
587 2366 642 2440 qui
656 2367 786 2424 mordere
800 2367 925 2426 cadaver

231 2465 386 2538 Sustinuit,
400 2465 442 2523 nil
455 2483 586 2540 unquam
598 2465 655 2523 hac
668 2482 756 2540 carne
767 2464 904 2524 libentius
911 2464 985 2524 edit.

168 2625 170 2628 ,
230 2561 309 2620 Nam
322 2563 428 2623 scelere
440 2563 471 2620 in
484 2569 570 2622 tanto
582 2581 619 2620 ne
631 2563 745 2636 quaeras
759 2566 789 2620 et
802 2562 923 2636 dubites,
939 2561 978 2623 'an

230 2660 333 2718 Prima
345 2660 525 2737 voluptatem
538 2660 608 2736 gula
621 2661 753 2718 senserit
794 2660 925 2719 Ultimus
938 2667 1046 2736 autem,
1147 2661 1188 2722 90

232 2757 292 2830 Qui
305 2757 386 2816 stetit
400 2760 534 2818 absumto
543 2755 608 2830 jam
622 2765 686 2815 toto
701 2774 827 2833 corpore,
843 2755 950 2817 ductis

230 2857 289 2913 Per
302 2863 410 2913 terram
422 2855 532 2931 digitis,
546 2855 658 2928 aliquid
671 2854 707 2913 de
721 2855 860 2931 sanguiue
873 2861 979 2931 gustat

232 2953 388 3024 Vascones,
403 2952 466 3011 haec
478 2950 558 3010 fama
572 2958 623 3025 est,
639 2950 784 3009 alimentis
797 2950 905 3010 talibus
916 2951 988 3010 olim

232 3049 401 3106 Produxere
414 3048 544 3119 animus:¹
564 3047 615 3106 sed
627 3065 674 3106 res
688 3047 809 3120 diversa,
823 3048 873 3105 sed
885 3048 948 3106 illic

233 3145 372 3203 Fortuna
384 3145 496 3204 invidia
508 3151 551 3204 est
564 3145 765 3219 bellorumque
779 3143 892 3218 ultima,
907 3163 992 3204 casus

233 3241 376 3315 Extremi,
390 3241 484 3319 longae
497 3241 563 3301 dira
575 3241 733 3302 obsidionis
746 3248 865 3318 egestas.
1003 3243 1007 3248 '

233 3339 331 3414 Hujus
343 3339 430 3413 enim,
446 3339 524 3413 quod
537 3349 616 3400 nunc
628 3339 734 3416 agitur,
748 3338 913 3398 miserabile
926 3338 1011 3399 debet
1049 3363 1052 3370 ¹

233 3436 411 3513 Exemplum
424 3437 572 3497 esse‘cibi:
596 3437 672 3497 sicut
685 3435 772 3495 modo
785 3437 863 3497 dicta
875 3435 949 3497 mihi
962 3457 1031 3516 gens

233 3536 305 3592 Post
318 3553 417 3594 omnes
431 3535 544 3607 herbas,
559 3541 627 3610 post
640 3542 747 3593 cuncta
762 3534 911 3608 animalia,
926 3535 1069 3611 quidquid

234 3630 365 3707 Cogebat
377 3632 465 3691 vacui
478 3632 587 3690 ventris
600 3630 690 3705 furor,
702 3631 834 3691 hostibus
847 3629 917 3709 ipsis
938 3653 940 3658 ’
1130 3631 1190 3690 100

232 3728 381 3787 Pallcrem
394 3747 429 3786 ao
442 3727 565 3786 maciem
578 3736 608 3785 et
621 3729 722 3786 tenues
734 3728 937 3786 miserantibus
950 3735 1040 3798 artus,

233 3824 370 3884 Membra
382 3825 477 3884 aliena
488 3822 565 3882 fame
578 3823 754 3897 lacerabant,
770 3842 830 3882 esse
842 3825 938 3899 parati

683 3921 740 3978 De
