2708 4354
632 355 749 414 sarran
771 356 802 398 v.
1134 342 1194 401 107

238 487 329 544 Verte
342 487 470 561 aliquid3
487 484 567 561 jura.
611 486 696 557 “Sed
709 487 829 562 Jupiter
843 487 970 545 audiet.''
1012 488 1111 546 Eheu!

237 585 327 655 Varo,
342 590 523 660 regustatum
537 583 628 659 digito
641 585 786 641 terebrare
799 584 926 644 salinum

238 682 400 741 Contentus
413 698 542 756 perages,
558 681 583 737 si
593 681 699 756 ’vivere'
708 699 775 738 cum
788 682 863 739 Jove
877 681 980 738 tendis.
1053 739 1055 743 .

236 781 258 838 J
259 797 307 836 am
320 797 392 856 puer
404 779 429 835 it
443 777 548 853 pellem
557 778 725 852 succinctus
738 785 768 834 et
781 777 972 853 oenophorum
985 787 1080 854 aptus.
1138 782 1195 840 140

238 876 328 936 Ocius
342 875 380 933 ad
392 875 513 933 navem!
555 873 640 932 Nihil
654 877 759 948 obstat,
774 875 845 949 quin
859 877 941 933 trabe
955 885 1039 934 vasta

237 973 374 1048 AEooaeum
386 973 492 1048 rapias,
507 972 564 1029 nisi
577 971 677 1030 sollers
690 972 809 1030 luxuria
822 981 890 1030 ante
914 1021 916 1026 s

127 1136 132 1144 Ι
238 1069 397 1128 Seductum
410 1077 542 1126 moneat:
565 1068 633 1147 Quo
647 1068 760 1142 deinde,
773 1070 882 1142 insane,
897 1071 979 1136 ruis?
1001 1072 1079 1145 quel

238 1168 317 1240 Quid
331 1169 385 1225 tibi
398 1170 462 1227 visi
483 1167 579 1228 calido
593 1169 647 1226 sub
661 1175 775 1243 pectore
789 1168 919 1226 mascula
932 1169 999 1225 bilis

236 1266 393 1338 Intumuit,
408 1285 496 1340 quam
509 1284 568 1323 non
583 1264 743 1323 extinxerit
758 1283 832 1321 urna
845 1267 955 1323 cicutae.

237 1363 313 1420 Tun’
329 1381 410 1420 mare
423 1363 592 1421 transilias?
614 1362 678 1433 tibi,
694 1370 772 1420 torta
785 1363 915 1420 cannabe
929 1361 1012 1435 fulto,

238 1459 331 1518 Coena
343 1461 383 1517 sit
395 1461 426 1517 in
440 1469 576 1533 transtro,
588 1461 841 1536 Veientanumque
855 1461 998 1519 rubellum

237 1557 366 1615 Exhalat
380 1557 486 1634 vapida
498 1558 601 1616 laesum
614 1559 678 1634 pice
691 1557 799 1616 sessilis
815 1559 911 1617 obbal

238 1655 318 1726 Quid
330 1656 427 1731 petis?
449 1664 483 1713 ut
496 1656 619 1728 nummi,
634 1673 707 1730 quos
720 1656 768 1714 hic
782 1655 1086 1749 quincuncemodesto

235 1751 397 1825 Nutrieras,
413 1762 552 1829 peragant
566 1753 666 1811 avidos
679 1754 783 1812 sudare
796 1754 941 1812 deuncesl
1136 1758 1195 1818 150

236 1850 358 1925 Indulge
373 1850 477 1925 Genio,
492 1868 644 1926 carpamus
657 1851 770 1919 dulcia3
792 1860 923 1910 nostrum
939 1862 992 1927 est,
1084 1916 1088 1924 ,

237 1949 326 2020 Quod
339 1949 430 2006 vivis:
453 1950 526 2008 cinis
540 1957 571 2006 et
584 1951 689 2008 Manes
702 1959 732 2009 et
744 1949 844 2010 fabula
856 1953 925 2020 fies3
983 1999 985 2004 .

237 2045 328 2122 [Vive
341 2065 452 2104 memor
464 2047 524 2122 leti,
538 2045 615 2124 fugit
629 2049 710 2120 hora,
725 2049 781 2106 hoe
795 2049 872 2122 quod
886 2049 990 2122 loquor
1003 2048 1072 2105 inde
1084 2050 1154 2128 est]

276 2144 325 2201 En
338 2144 410 2218 quid
423 2143 509 2220 agis?
530 2145 641 2220 duplici
655 2146 688 2202 in
701 2145 996 2215 diversumseindcris
1007 2145 1112 2212 hamo;
1143 2192 1146 2196 .

236 2240 400 2312 Hunccine,
415 2259 453 2298 an
467 2240 545 2299 hunc
558 2242 706 2316 sequeris?
748 2239 868 2300 Subeass
871 2242 999 2298 alternus
1012 2250 1126 2316 oportet

235 2338 370 2413 Ancipiti
383 2339 521 2412 obsequio
534 2339 676 2410 dominos,
692 2339 821 2396 alternus
835 2340 965 2396 oberres:

235 2433 300 2492 Nec
312 2442 355 2506 tu,
371 2453 463 2509 quum
477 2435 624 2493 obstiteris
638 2435 735 2509 semel,
750 2435 929 2515 instantique
944 2435 1057 2511 negaris

235 2533 342 2588 Parere
355 2531 484 2606 imperio,
492 2532 576 2606 ,Rupi
585 2531 649 2606 jam
662 2532 789 2604 vincula,
804 2531 891 2590 dicas.

236 2627 314 2684 Nam
328 2636 357 2684 et
370 2628 483 2685 luctata
496 2629 576 2686 canis
589 2629 699 2685 nodum
712 2628 836 2703 abripit:
858 2635 988 2688 attamen
1002 2627 1056 2701 illi,

237 2723 337 2794 Quum
351 2723 434 2800 fugit,
450 2725 557 2782 acollo
570 2725 699 2782 trahitur
711 2743 778 2802 pars
792 2725 880 2800 longa
894 2732 1011 2783 catenae.
1136 2727 1193 2784 160

276 2820 370 2892 Dave,
385 2822 453 2892 cito,
469 2821 525 2878 hoe
538 2821 638 2878 credas
646 2819 745 2895 jubeo,
760 2821 842 2877 finire
855 2821 967 2878 dolores

236 2918 405 2974 Praeteritae
417 2918 540 2974 meditor
553 2918 686 2993 (crudum
701 2917 912 2975 Chaerestratus
927 2934 1051 2991 unguem

236 3013 392 3071 Abrodens
405 3013 448 3070 ait
460 3013 542 3086 haee).
586 3015 637 3072 An
652 3014 736 3071 siccis
748 3015 871 3070 dedecus
885 3014 996 3070 obstem
1016 3087 1018 3090 Ι

237 3110 397 3186 Cognatisl
438 3109 490 3167 An
504 3129 566 3168 rem
579 3112 707 3186 patriam
722 3129 838 3168 rumore
853 3109 970 3187 sinistro

235 3206 340 3263 Limen
353 3206 391 3263 ad
405 3207 561 3265 obscenum
574 3205 717 3282 frangam,
732 3206 802 3263 dum
817 3205 967 3280 Chrysidis
980 3206 1053 3263 udas

236 3303 344 3360 Ebrius
357 3311 425 3362 ante
437 3302 514 3362 fores
526 3304 656 3360 extincta
668 3321 735 3361 cum
745 3301 811 3360 'face
824 3303 931 3360 cantol

236 3401 327 3474 Euge,
342 3419 423 3476 puer,
437 3401 540 3475 sapias,
550 3400 606 3456 Dis
619 3399 829 3473 depellentibus
842 3417 948 3475 agnam

236 3501 367 3556 Percute.
413 3499 480 3571 Sed,
495 3498 615 3569 censen',
631 3497 767 3572 plorabit,
778 3496 872 3568 Dave,
887 3497 1010 3555 relicta?

236 3595 379 3672 Nugaris:
402 3595 488 3666 solea,
505 3612 585 3668 puer,
601 3591 788 3670 objurgabere
801 3595 898 3651 rubra.

236 3689 282 3748 Ne
296 3693 439 3767 trepidare
452 3690 524 3749 velis
539 3697 627 3762 atque
640 3697 735 3747 arctos
748 3690 847 3746 rodere
862 3705 965 3745 casses.
1134 3683 1192 3742 170

236 3789 323 3847 Nunc
336 3787 413 3846 serus
426 3794 455 3845 et
470 3787 593 3844 violens:
614 3793 646 3844 at
658 3787 684 3843 si
696 3793 789 3856 vocet,
804 3785 883 3842 haud
896 3802 985 3860 mora,
1002 3782 1089 3852 dicas,
1152 3847 1156 3852 Δ
