2702 4354
163 341 206 400 82
471 357 810 442 111111111111111
856 420 860 432 x

161 491 203 551 Et
217 508 278 549 sua
320 491 464 564 Quisnam
477 491 628 550 hominum
640 491 757 550 veniam
769 490 962 566 (1111111111
974 491 1106 551 Deorum

161 587 282 647 Viribus
296 589 430 648 abnuerit
442 589 508 648 dira
520 597 609 663 atque
623 588 763 647 immania
776 587 875 663 passis,

161 686 203 744 Et
216 685 322 760 quibus
335 687 452 745 illorum
465 694 601 763 poterant
613 686 761 762 ignoscere
773 702 883 758 manes,

162 783 296 855 Quorum
309 783 476 859 corporibus
489 781 699 842 vescebantur?
740 781 849 839 Melius
861 799 916 841 nos

161 879 286 938 Zenonis
301 888 444 956 praecepta
457 887 590 939 monent:
611 897 666 938 nec
678 879 756 937 enim
770 880 878 953 omnia,
892 878 1025 956 quadam

162 973 221 1033 Pro
234 977 297 1035 vita
309 975 443 1060 11111111
456 984 552 1053 putat.
595 976 652 1037 Sed
666 977 813 1036 Cantaber
825 975 903 1036 unde

162 1073 286 1147 Stoicus,
302 1074 414 1148 antiqui
429 1074 590 1151 prasertim
604 1081 691 1132 aetate
704 1073 837 1133 Metelli?

161 1169 250 1230 Nunc
262 1178 342 1230 totus
357 1171 463 1231 Graias
476 1179 645 1247 nostrasque
659 1172 747 1230 habet
760 1172 838 1231 orbis
850 1171 993 1232 Athenas
1061 1171 1120 1231 110

162 1269 265 1328 Gallia
277 1269 435 1329 causidicos
448 1269 547 1328 docuit
559 1268 685 1329 facunda
697 1270 871 1328 Britannos:

161 1365 210 1423 De
223 1365 407 1424 conducendo
420 1367 550 1442 loquitur
557 1364 623 1442 jam
636 1368 751 1424 rhetore
763 1366 868 1425 Thule.

161 1461 276 1535 Nobilis
290 1463 339 1521 ille
352 1471 451 1522 tamen
464 1463 598 1540 populus,
614 1481 701 1538 quem
715 1462 851 1535 diximus,
866 1469 896 1520 et
909 1481 964 1539 par

162 1561 281 1618 Virtute
295 1569 383 1636 atque
397 1561 461 1634 lide,
475 1560 526 1618 sed
539 1559 634 1634 major
647 1560 736 1631 clade,
752 1559 901 1634 Saguntos

160 1657 236 1715 Tale
249 1659 319 1732 quid
332 1664 459 1718 excusat.
504 1657 641 1715 Maeotide
655 1655 758 1714 saevior
771 1673 824 1714 ara

161 1755 327 1830 AEgyptue:
350 1754 457 1829 quippe
471 1753 524 1810 illa
535 1751 654 1811 nefandi
667 1752 797 1811 Taurica
809 1751 885 1812 sacri
974 1817 975 1822 η

161 1851 315 1908 Inventrix
328 1850 459 1908 homines
473 1851 519 1922 (ut
529 1848 601 1924 jam,
618 1867 682 1924 quae
695 1849 826 1908 earmina
839 1848 970 1924 tradunt,

161 1947 264 2022 Digna
277 1947 333 2004 lide
346 1947 457 2021 credas)
471 1955 588 2006 tantum
600 1947 742 2020 immolat,
757 1947 879 2005 ulterius
892 1948 935 2005 nil

161 2045 227 2103 Aut
240 2044 359 2122 gravius
373 2044 468 2104 cultro
482 2045 566 2103 timet
580 2044 682 2104 hostia
726 2045 800 2117 Quis
813 2045 899 2102 modo
913 2062 996 2104 casus

37 2136 42 2158 ¹
159 2142 285 2218 'Impulit
298 2143 372 2201 hosi
394 2161 459 2218 quse
473 2149 557 2200 tanta
570 2140 661 2200 fames
673 2139 834 2216 infestaque
847 2141 926 2200 vallo
1055 2134 1119 2200 Ι120

160 2239 256 2300 Arma
268 2249 425 2318 coegerunt
438 2248 498 2300 tam
512 2241 680 2301 detestabile
693 2249 858 2298 monstrum
1007 2285 1011 2291 .

161 2338 302 2398 Auderei
343 2339 543 2410 Annonariam,
558 2345 637 2396 terra
651 2337 843 2414 Memphitide
856 2338 941 2410 sicca,
966 2333 970 2340 “
1032 2377 1048 2412 ,

162 2435 310 2496 Invidiam
323 2434 450 2494 facerent
464 2435 574 2494 nolenti
587 2453 703 2514 surgere
716 2435 809 2494 Nilol

162 2532 230 2605 Qua
243 2551 297 2591 nec
309 2533 451 2592 terribiles
466 2532 589 2607 Cimbri,
601 2551 654 2591 neo
666 2533 802 2590 Britonas
816 2537 956 2608 unquam,

162 2629 400 2703 Sauromataeque
414 2637 510 2688 truces
524 2637 576 2689 aut
589 2631 730 2688 immanes
744 2631 917 2707 Agathyrsi,

162 2725 230 2784 Hac
242 2711 326 2784 saevit
338 2726 421 2782 rabie
434 2725 552 2784 imbelle
566 2733 596 2783 et
608 2726 713 2784 inutile
726 2728 839 2803 vulgus,

161 2823 292 2880 Parvula
303 2822 440 2881 fictilibus
454 2823 573 2881 solitum
587 2822 656 2880 dare
670 2825 735 2881 vela
747 2825 884 2899 phaselis,

162 2919 203 2977 Et
217 2920 352 2978 brevibus
364 2921 451 2996 pictae
464 2920 552 2978 remis
566 2919 731 2978 incumbere
745 2929 833 2978 testae.

162 3015 225 3076 Neo
237 3035 357 3094 poenam
370 3017 469 3075 sceleri
483 3016 619 3089 invenies,
634 3035 687 3075 neo
700 3017 787 3094 digna
800 3017 917 3094 parabis

162 3116 312 3194 Supplicia
324 3117 371 3175 his
383 3115 506 3194 populis,
521 3116 552 3173 in
566 3133 693 3190 quorum
706 3123 802 3172 mente
816 3133 900 3190 pares
913 3122 982 3173 sunt
1060 3116 1118 3174 130

161 3212 203 3271 Et
216 3215 323 3273 similes
336 3213 382 3272 ira
394 3221 482 3289 atque
494 3211 593 3272 fames.
612 3212 812 3288 thollissima
825 3213 913 3270 corda
984 3217 987 3221 “

162 3309 301 3369 Humano
314 3311 412 3387 generi
427 3311 496 3369 dare
509 3328 540 3368 se
553 3318 659 3368 natura
671 3308 788 3383 fatetur,

163 3407 237 3480 Quae
249 3406 385 3464 lacrimas
399 3407 493 3464 dedit:
516 3407 579 3465 haec
591 3407 682 3465 nostri
696 3425 764 3482 pars
777 3407 888 3482 optima
900 3423 1007 3466 sensus.

163 3503 282 3562 Plorare
294 3520 362 3579 ergo
371 3501 457 3578 jubet
471 3521 570 3560 casum
583 3503 709 3579 lugentis
721 3503 807 3562 amici

163 3600 391 3675 Squaloremque
404 3600 454 3671 rei,
470 3599 615 3676 pupillum
631 3601 668 3657 ad
676 3598 747 3673 jura
760 3608 912 3658 vocantem

163 3695 461 3771 Circumscriptorem‚
476 3693 560 3768 cujus
573 3698 723 3754 manantia
735 3696 804 3753 fletu

164 3791 226 3850 Ora
239 3792 380 3866 puellares
392 3790 504 3850 faciunt
517 3791 629 3850 incerto
642 3793 747 3867 capilli.

163 3885 284 3944 Natura
297 3888 418 3964 irnperio
430 3888 581 3964 gemimus,
596 3906 685 3963 quum
699 3888 785 3948 funus
798 3889 905 3948 adulta
