2672 4350
602 367 719 411 sirum
741 369 785 411 ιν.
1132 358 1171 415 19

217 501 286 557 Jam
298 501 408 558 medies
422 499 568 572 aliamque
581 499 696 571 samem,
712 518 803 572 quum
817 500 918 575 pulmo
932 502 1057 560 Falerno

216 598 342 653 Anderet
393 596 478 654 Nulli
491 595 586 668 major
598 595 655 652 fuit
668 614 738 653 usus
751 596 853 653 edendi

216 695 400 768 Tempestate
414 710 487 750 mea
529 693 639 751 Circeis
653 702 725 750 natu
738 691 841 765 forent,
856 713 894 752 an

215 791 375 849 Lucrinum
389 791 426 848 ad
440 809 543 848 saxum
559 791 745 866 Rutupinove
759 791 838 848 edita
849 790 941 849 fundo
1113 792 1172 851 140

216 891 329 960 Ostrea,
345 889 469 946 callebat
482 888 576 962 primo
590 887 764 962 deprendere
776 905 892 970 moruu3

214 986 257 1043 Et
271 986 359 1043 semel
373 986 482 1061 aspecti
497 984 583 1041 littus
596 984 710 1042 dicebat
724 985 827 1042 echini.

215 1084 358 1159 Surgitur,
374 1091 403 1139 et
416 1083 505 1167 mirso
518 1099 649 1158 proceros
662 1082 741 1138 exire
754 1080 894 1155 jubentur

216 1180 356 1251 Concilio,
372 1196 443 1251 quos
458 1178 608 1236 Albanam
622 1177 684 1234 dux
696 1195 819 1253 magnus
833 1179 864 1236 in
878 1197 975 1238 arcem

213 1278 358 1334 Traxerat
371 1276 511 1334 attonitos
524 1282 554 1332 et
568 1273 704 1332 festinare
718 1282 840 1343 coactos,

213 1375 367 1448 Tanquam
381 1374 416 1429 de
431 1373 529 1432 Cattis
541 1371 654 1447 aliquid
668 1372 815 1445 torvisque
829 1372 987 1433 Sicambris

213 1472 362 1542 DicturuS,
376 1478 516 1543 tanquam
528 1469 649 1526 diversis
664 1469 796 1544 partibus
810 1470 887 1527 orbis

213 1569 315 1626 Anxia
327 1568 470 1644 praecipiti
483 1567 608 1624 venisset
621 1567 744 1642 epistola
756 1567 855 1642 pinna

253 1667 354 1739 Atque
366 1665 479 1722 utinam
493 1664 539 1721 his
552 1664 650 1740 potius
661 1665 748 1740 nugis
761 1672 826 1723 tota
839 1664 892 1723 illa
904 1665 1028 1727 dedisset

212 1765 359 1839 Tempora
371 1763 499 1833 saevitiae‚
514 1762 609 1819 claras
622 1763 729 1836 quibus
741 1763 863 1820 abstulit
876 1765 941 1823 urbi
1110 1768 1167 1828 150

213 1863 400 1932 Illustresque
413 1859 525 1915 animas
538 1858 658 1933 impune
672 1866 701 1916 et
714 1860 829 1918 vindice
842 1862 940 1920 nullo!

213 1959 271 2016 Sed
283 1958 378 2033 periit,
394 1965 548 2031 postquam
562 1956 730 2013 cerdonibus
743 1975 804 2014 esse
813 1959 963 2017 timendus

213 2057 367 2132 Coeperat:
390 2054 446 2111 hoo
459 2052 559 2112 nocuit
572 2051 743 2110 Lamiarum
756 2054 832 2113 caede
844 2056 983 2114 madenti.
