2654 4348
203 344 241 403 18
508 361 538 402 n.
555 360 644 404 suun
667 359 844 402 usvenans

197 494 298 564 Brute,
313 494 417 550 tunml
459 493 559 550 Facile
573 499 617 550 est
631 493 752 550 barbato
765 492 910 567 imponere
922 491 992 568 regi.

194 589 261 656 ,Nec
274 589 376 645 melier
388 588 482 660 vultu,
498 588 632 660 quamvis
644 587 787 662 ignobilis,
801 588 865 644 ibat
886 633 889 640 ⁴

199 685 337 756 Rubrius,
352 684 467 742 offensa
480 685 585 742 veteris
599 691 766 756 reusatque
780 684 918 757 tacendae,

198 781 240 846 Et
253 789 351 837 tamen
364 781 522 856 improbior·
536 781 657 842 satiram
670 780 813 837 scribente
827 780 951 837 Nerone.

198 877 333 933 Montani
348 893 461 950 quoque
474 883 575 940 venter
588 876 678 946 adest,
692 875 846 934 abdomine
860 865 969 948 tardus,

199 973 240 1030 Et
253 973 399 1029 matutino
412 973 519 1030 sudans
533 972 684 1046 Crispinus
699 989 824 1044 amomo,
1011 1045 1018 1058 ,

199 1071 350 1142 Quantum
363 1069 416 1127 vix
428 1070 558 1126 redolent
572 1069 631 1126 duo
645 1067 767 1136 funera;
789 1070 894 1128 saevior
906 1069 959 1128 illo

198 1167 356 1242 Pompeius
369 1167 452 1224 tenui
460 1165 579 1243 jugulos
591 1167 704 1242 aperire
717 1185 845 1240 susurro,

199 1264 240 1320 Et
251 1263 302 1337 qui
315 1264 479 1322 vulturibus
493 1265 627 1322 servabat
639 1265 752 1324 viscera
765 1266 856 1322 Dacis

199 1360 320 1432 Fuscus,
335 1378 498 1424 marmorea
511 1360 669 1418 meditatus
683 1362 787 1436 proelia
800 1361 882 1432 villa,

199 1457 240 1514 Et
255 1475 320 1515 cum
335 1456 482 1514 mortifero
496 1458 623 1533 prudens
635 1459 761 1516 Veiento
776 1457 905 1528 Catullo,

199 1554 260 1626 Qui
274 1571 423 1628 nunquam
437 1555 508 1612 visre
522 1555 666 1630 flagrabat
680 1572 778 1612 amore
792 1555 903 1627 puellae,

200 1649 319 1708 Grande
333 1658 362 1707 et
377 1651 565 1726 conspicuum
580 1658 681 1708 nostro
695 1667 810 1723 quoque
823 1659 952 1725 tempore
965 1653 1141 1709 monstrum!

199 1745 302 1804 Cacus
317 1746 461 1819 adulator,
476 1747 611 1820 dirusque
625 1765 644 1802 a
656 1755 744 1820 ponte
757 1745 880 1817 satelles,
1091 1729 1094 1736 ’

130 1845 132 1850 ’
198 1842 315 1918 Dignus
326 1842 464 1899 Aricinos
478 1842 529 1916 qui
541 1841 718 1900 ‘mendicaret
730 1842 859 1914 adaxes,

199 1941 370 2014 Blandaque
383 1939 501 1996 devexae
509 1937 637 2014 jactaret
650 1938 732 1996 basia
744 1939 828 1995 redae.

198 2037 295 2095 Nemo
307 2037 400 2112 magis
415 2037 570 2095 rhombum
584 2037 712 2110 stupuit:
735 2054 803 2092 nam
817 2035 942 2111 plurima
955 2034 1033 2093 dixit

199 2134 235 2191 In
250 2134 356 2192 laevum
372 2151 542 2192 conversus:
565 2142 597 2192 at
610 2133 655 2190 illi
669 2133 772 2190 dextra
779 2131 899 2205 jacebat

199 2230 315 2288 Bellus.
358 2232 408 2289 Sic
421 2249 534 2307 pugnas
548 2230 650 2290 Cilicis
663 2229 803 2288 laudabat
817 2237 846 2287 et
859 2229 943 2301 ictus,
1099 2230 1156 2288 120

199 2328 240 2384 Et
254 2346 367 2403 pegma,
379 2337 409 2385 et
423 2347 527 2404 pueros
541 2327 608 2384 inde
621 2327 658 2383 ad
672 2327 784 2384 velaria
796 2335 904 2400 raptos.

199 2423 268 2481 Non
282 2426 357 2482 cedit
369 2426 502 2504 Veiento,
518 2423 569 2480 sed
582 2431 617 2481 ut
630 2420 782 2494 fanaticus,
798 2431 888 2480 oeetro

199 2521 366 2592 Percussus,
378 2521 510 2592 Bellona,
526 2528 587 2591 tuo,
604 2519 717 2576 divinat
731 2528 769 2591 et,
783 2518 917 2594 “Ingens

201 2617 296 2676 Omen
309 2618 425 2689 habes,”
439 2618 545 2690 inquit,
564 2617 689 2691 “magni
704 2616 834 2689 clarique
847 2617 1003 2691 triumphi:

200 2715 309 2790 Regem
323 2714 449 2786 aliquem
462 2714 567 2788 capies,
582 2719 634 2769 aut
648 2713 683 2768 de
697 2720 811 2769 temone
825 2712 970 2770 Britanno

200 2808 326 2869 Excidet
336 2809 514 2885 Aruiragus:
536 2810 688 2884 peregrina
702 2816 745 2865 est
758 2808 875 2866 bellua:
897 2811 990 2867 cernis

201 2908 323 2965 Erectas
335 2906 367 2963 in
380 2906 599 2986 tergasudesi''
643 2907 710 2964 Hoc
725 2901 817 2962 defuit
830 2923 923 2986 unum

201 3005 344 3077 Fabricio,
355 3005 482 3079 patriam
495 3011 531 3060 ut
543 3003 657 3062 rhombi
671 3009 846 3062 memoraret
858 3010 888 3060 et
901 3021 1000 3062 annos.

186 3108 222 3155 ‚15⁶
231 3103 380 3175 Quidnam
393 3102 482 3177 igitur
495 3102 612 3160 censeat
635 3101 798 3160 conciditur
806 3101 838 3158 i’'
870 3101 985 3158 “Absit
1000 3100 1101 3158 abillo

201 3200 335 3258 Dedecus
347 3200 431 3271 hoc,''
444 3199 605 3258 Montanus
620 3199 670 3255 ait.
714 3199 834 3256 “Testa
847 3198 908 3256 alta
921 3204 1046 3274 paretur,
1099 3198 1157 3256 130

202 3298 275 3368 Quae
289 3296 370 3354 tenui
384 3314 469 3353 muro
482 3297 642 3370 spatiosum
657 3295 777 3370 colligat
790 3297 898 3354 orbem.

201 3393 333 3449 Debetur
345 3408 467 3468 magnus
481 3393 590 3466 patinae
604 3391 775 3464 subitusque
788 3393 989 3450 Prometheus.

201 3489 347 3565 Argillam
361 3496 449 3563 atque
461 3496 558 3546 rotam
572 3487 657 3546 citius
670 3496 839 3563 properate:
861 3488 912 3546 sed
926 3506 963 3546 ex
976 3488 1032 3545 hoc

201 3588 345 3661 Tempore
353 3584 427 3658 jam,
443 3585 550 3656 Caesar,
565 3585 647 3660 figuli
661 3593 713 3642 tua
725 3592 821 3644 castra
834 3586 1019 3659 sequantur.”

201 3684 283 3741 Vicit
297 3684 386 3758 digna
398 3679 462 3741 viro
475 3682 632 3740 sententia:
654 3690 775 3740 noverat
789 3683 838 3740 ille
1033 3688 1036 3692 ’

202 3779 366 3838 Luxuriam
379 3779 493 3854 imperii
506 3787 632 3838 veterem
645 3788 801 3854 noctesque
814 3779 940 3839 Neronis
