2672 4350
598 359 714 402 sarrae
737 362 769 403 x.
1122 346 1165 402 47

207 492 397 569 Frangendus
410 493 514 551 misero
527 491 645 568 gingiva
658 492 741 568 panis
755 493 874 550 inermi:
898 535 905 546 .
1106 496 1166 553 200

208 591 309 665 Usque
322 590 395 647 adeo
407 591 504 667 gravis
519 590 603 648 uxori
617 591 752 663 natisque
766 590 889 663 sibique,
916 611 921 623 s

208 688 260 745 Ut
267 688 410 764 captatori
425 695 541 746 moveat
554 686 672 744 fastidia
686 687 785 746 Cosso.
907 630 938 786 ἶ

207 785 276 843 Non
290 787 391 844 eadem
404 786 466 844 vini
480 794 569 860 atque
583 787 648 858 cibi,
663 791 795 861 torpente
808 785 916 862 palato,

209 882 336 945 Gauda
349 890 391 992 φ(

428 1042 432 1046 ,
450 980 530 1038 Nam
544 999 609 1054 quta
623 987 758 1038 cantante
770 980 914 1056 voluptas,

209 1077 255 1135 Sit
268 1077 337 1134 licet
351 1076 484 1150 eximius,
496 1077 667 1152 citharoedo,
678 1077 754 1136 sitve
768 1079 915 1152 Seleucus,

125 1245 130 1255 .
208 1174 250 1230 Et
263 1174 369 1247 quibus
381 1181 486 1232 aurata
498 1193 562 1233 mos
575 1182 619 1232 est
632 1171 741 1251 fulgere
753 1175 889 1240 lacerna?
984 1184 995 1209 ⁸

130 1312 134 1319 .
209 1271 288 1342 Quid
301 1268 396 1344 refert,
411 1272 510 1348 magni
524 1271 622 1329 sedeat
637 1289 696 1344 qua
710 1280 793 1347 parte
807 1273 923 1346 theatri,
1028 1263 1031 1270 ’

209 1368 269 1440 Qui
282 1369 335 1426 vix
347 1369 505 1426 cornicines
519 1369 654 1438 exaudiet
668 1378 755 1442 atque
769 1371 905 1427 tubarum
920 1429 923 1434 ,

210 1465 396 1524 concentus?
417 1467 543 1524 clamore
557 1483 629 1541 opus
642 1475 693 1537 est,
707 1474 740 1523 ut
755 1467 861 1524 sentiat
874 1468 962 1540 auris,
1105 1469 1165 1529 210

209 1563 304 1634 Quem
318 1563 396 1621 dicat
409 1564 519 1622 venisse
532 1581 613 1639 puer,
629 1571 701 1637 quot
715 1565 833 1622 nunciet
845 1565 940 1623 horas
1024 1579 1026 1582 ·

124 1677 126 1682 ’
208 1662 354 1718 Praeterea
366 1661 506 1718 minimus
520 1660 615 1737 gelido
624 1659 689 1734 jam
702 1661 735 1718 iu
748 1679 866 1737 corpore
879 1661 996 1740 sanguis

208 1759 302 1816 Febre
315 1757 391 1815 calet
404 1759 482 1826 sola3
504 1758 674 1816 circumsilit
688 1759 802 1834 agmine
816 1758 893 1817 facto

208 1856 379 1914 Morborum
393 1873 478 1912 omne
491 1873 598 1932 genus:
621 1872 743 1928 quorum
757 1855 783 1912 si
796 1857 916 1914 nomina
928 1875 1049 1932 quaeraa.

208 1953 358 2011 Promtius
372 1953 534 2027 expediam,
972 2024 977 2032 ⁸

210 2050 290 2122 Quot
304 2050 462 2108 Themison
476 2068 568 2126 eamus
581 2058 722 2108 autumno
736 2050 872 2108 occiderit
885 2070 952 2124 uno,
1054 2061 1061 2072 ·

209 2148 289 2220 Quot
302 2148 419 2207 Basilus
432 2149 532 2228 socios,
548 2155 620 2222 quot
635 2137 892 2224 circumscripserit
905 2149 1013 2208 Hirrus

207 2243 358 2320 Pupillus3

207 2342 381 2400 Percurram
396 2343 491 2414 citius,
507 2351 579 2417 quot
592 2342 679 2402 villas
692 2342 835 2419 possideat
849 2361 936 2416 nunc,

208 2438 275 2511 Quo
289 2438 426 2496 tondente
439 2440 537 2515 gravis
546 2438 649 2513 juveni
662 2439 735 2496 mihi
748 2441 840 2498 barba
854 2441 985 2498 sonabat.
1104 2442 1165 2502 220

207 2535 263 2595 Ille
276 2538 406 2610 humero,
420 2536 469 2594 hic
482 2537 596 2608 lumbis,
612 2537 660 2594 hic
674 2555 749 2596 coxa
762 2536 881 2606 debilis;
903 2540 1003 2598 ambos

190 2629 194 2640 ’
207 2637 340 2696 Perdidit
353 2638 403 2695 ille
417 2637 517 2695 oculos
531 2644 561 2694 et
574 2636 662 2694 luscis
675 2637 802 2704 invidct;
824 2636 910 2712 hujus
967 2668 970 2677 ·

207 2725 324 2794 Pallida
336 2735 420 2795 labra
433 2737 530 2795 cibum
544 2736 691 2812 accipiunt
705 2737 803 2812 digitis
817 2736 928 2794 alienis.

207 2833 274 2908 lpse
287 2833 325 2891 ad
339 2841 525 2908 conspectum
539 2851 629 2891 coenae
642 2834 779 2892 diducere
791 2833 897 2892 rictum
962 2829 964 2834 ’

207 2931 324 3002 Suetus,
340 2931 403 2988 hiat
416 2939 541 3003 tantum,
556 2947 608 2989 ceu
622 2931 720 3006 pullus
733 2931 905 3002 hirundinis,
921 2931 1057 3006 adquam

208 3028 268 3088 Ore
280 3028 362 3115 volat
375 3030 461 3105 pleno
474 3037 568 3088 mater
576 3028 686 3104 jejuna
728 3029 786 3088 Sed
799 3029 878 3087 omni

207 3127 407 3185 Membrorum
421 3128 528 3186 damno
541 3126 637 3202 maj0r
649 3127 803 3200 dementia,
819 3144 883 3202 quae
896 3145 950 3186 neo

207 3223 337 3282 Nomina
350 3243 508 3298 servorum,
522 3243 577 3282 neo
588 3225 705 3284 vultum
719 3228 849 3301 agnoscit
864 3227 959 3300 amici,
995 3255 999 3264 ·

208 3319 285 3379 Cum
298 3337 357 3395 quo
370 3320 519 3396 praeterita
532 3321 659 3379 ooenavit
672 3329 765 3390 nocte,
781 3339 834 3380 neo
847 3321 921 3396 illos,

208 3417 289 3490 Quos
302 3417 412 3494 genuit,
426 3435 499 3492 quos
512 3403 622 3475 adurit.
666 3418 744 3476 Nam
759 3420 856 3478 codice
869 3438 946 3479 saevo
1103 3423 1163 3484 230

207 3515 337 3574 Heredes
348 3523 429 3574 vetat
442 3531 502 3573 esse
516 3533 599 3580 suos;
621 3515 698 3580 bona
711 3523 776 3574 tota
788 3517 921 3575 feruntur

206 3611 258 3670 Ad
271 3611 412 3670 Phialenr
436 3619 551 3669 tantum
565 3612 685 3669 artificis
699 3613 776 3670 valet
790 3614 900 3672 halitus
912 3617 980 3672 oris.

206 3709 251 3768 Ut
264 3709 383 3784 vigeant
396 3726 495 3766 sensus
507 3709 607 3779 animi,
621 3709 752 3766 ducenda
765 3718 860 3768 tamen
875 3721 943 3768 sunt

206 3806 324 3864 Funera
336 3815 482 3876 natorum,
497 3822 586 3880 rogus
598 3806 778 3879 aspiciendus
790 3815 896 3863 amatae
