2672 4350
594 373 710 416 sarrai
735 373 757 416 1.
1087 341 1089 346 ’
1133 363 1153 416 5

196 509 227 566 It
239 527 324 580 nova,
340 525 394 566 nec
406 507 506 578 tristis,
521 523 574 582 per
586 514 706 564 cunctas
718 488 816 565 sabula
829 526 934 579 coenas,
1000 583 1003 588 ¹

196 606 327 663 Ducitur
338 604 422 662 iratis
435 602 631 679 plaudendum
644 603 732 660 sunus
742 605 853 683 amicis.
937 589 999 688 as
1096 603 1153 660 130

150 763 154 772 ,
236 702 289 761 Nil
302 702 359 758 erit
373 701 502 772 ulteriuS,
517 700 595 773 quod
609 701 714 758 nostris
726 701 854 758 moribus
867 700 955 758 addat

195 801 376 866 Posteritas;
398 798 495 855 eadem
510 798 627 872 cupient
641 796 805 871 facientque
817 799 974 866 minorem¹

196 897 335 957 Omnem
348 895 489 970 praecipiti
503 895 607 953 vitium
621 897 710 953 stetit.
752 896 844 954 Utere
856 897 937 970 velis,

195 995 286 1052 Totos
298 993 428 1069 pande
406 1013 494 1050 smus
533 993 629 1064 Dicas
642 993 691 1051 hic
704 990 854 1094 forsitan,
849 1000 869 1028 “
877 993 963 1052 Unde

196 1090 350 1168 Ingenium
364 1109 417 1166 par
429 1091 581 1148 materiari
603 1090 679 1147 unde
691 1091 744 1148 illa
756 1055 884 1166 priorum
990 1089 993 1094 ’

196 1151 354 1342 Ξοτίδθιὲῧ,
371 1189 571 1262 quodcumque
585 1189 682 1244 animo
695 1189 835 1263 flagrante
847 1188 959 1260 liberet,

197 1258 318 1360 Simplii
318 1286 373 1342 itas
375 1284 480 1358 ,cujus
513 1304 551 1341 on
548 1284 669 1438 ardep1
671 1285 900 1341 dicerenomeni

197 1382 276 1454 Quid
289 1379 376 1439 refert
390 1383 496 1440 dictis'
518 1299 717 1474 pocatiiijb
669 1381 768 1452 acius,
763 1399 812 1437 an
826 1382 905 1438 noni

195 1483 347 1536 Ponerr
289 1480 485 1563 Q·
508 1480 585 1536 taeda
597 1479 727 1536 lucebis
719 1497 750 1535 m
763 1478 824 1550 illa,

197 1577 264 1649 Qua
277 1585 388 1634 stantes
401 1579 511 1650 ardent,
526 1577 577 1650 qui
591 1578 651 1633 lixo
663 1583 781 1652 gutture
795 1574 918 1649 fumant,
1092 1579 1150 1639 140

196 1675 237 1732 Et
250 1675 345 1732 latum
358 1675 454 1732 media
467 1675 579 1732 sulcum
593 1675 704 1732 diducis
716 1675 834 1754 arena.”

197 1774 256 1845 Qui
270 1774 349 1832 dedit
363 1791 431 1848 orgo
445 1773 537 1830 tribus
549 1772 661 1848 patruis
673 1773 797 1844 aconita,
813 1775 936 1830 vehatur
950 1805 955 1814 ·
1014 1807 1016 1815 ι

195 1871 360 1928 Pensilibus
372 1870 486 1946 plumis,
501 1878 589 1943 atque
601 1871 684 1926 illinc
697 1869 836 1945 despiciat
848 1871 918 1928 nesi
935 1929 937 1938 ,
1008 1858 1011 1866 ⁴

198 1969 324 2040 “Quum
337 1969 434 2027 veniet
447 1975 556 2039 contra,
573 1966 663 2042 digitu
677 1986 824 2044 compesce
836 1968 989 2026 labellum:

196 2066 359 2124 Accusator
372 2067 436 2138 crit,
452 2067 503 2139 qui
515 2067 636 2122 verbum
650 2065 765 2138 dixerit,
780 2066 841 2121 Hic
854 2075 905 2123 est.

197 2164 321 2222 Securus
334 2165 403 2222 licet
415 2165 543 2222 AEueam
558 2162 759 2235 Rutulumque
772 2161 894 2221 ferocem

196 2259 386 2329 committam
407 2260 482 2317 nulli
496 2260 593 2335 gravis
607 2266 652 2316 est
666 2275 814 2334 percussus
828 2259 969 2331 Achilles,

196 2357 261 2413 Aut
274 2358 399 2415 multum
413 2359 551 2430 quaesitus
564 2356 660 2432 Hylas
672 2373 834 2429 urnamque
847 2364 995 2429 sequutus.
1007 2353 1029 2397 θ’
1038 2367 1051 2384 ¹¹
1063 2367 1066 2376 '
1079 2367 1085 2418 ,Ι

195 2453 274 2510 Ense
286 2454 368 2512 velut
382 2455 482 2510 stricto
495 2453 606 2526 quoties
619 2452 753 2508 Lucilius
765 2452 867 2509 ardens

195 2547 360 2621 Intremuit,
375 2551 461 2606 rubet
474 2549 597 2620 auditor,
612 2549 660 2606 cui
672 2547 777 2623 frigida
790 2567 870 2606 mens
885 2559 927 2606 est
1089 2553 1148 2611 150

197 2645 390 2713 Criminibus3
412 2647 502 2704 tacita
515 2646 619 2704 sudant
632 2647 791 2721 praecordia
805 2646 900 2720 culpa.

168 2763 171 2767 ·
195 2745 269 2804 Inde
281 2745 332 2802 irae
345 2753 375 2801 et
386 2744 520 2802 lacrimae.
540 2755 543 2760 '
565 2743 675 2800 Tecum
688 2743 769 2819 prius
783 2762 850 2818 ergo
863 2746 965 2802 voluta
976 2735 1005 2794 Ἴ(

195 2843 269 2899 llaec
282 2842 380 2900 animo
394 2849 462 2898 ante
475 2843 576 2898 tubas:
599 2841 746 2916 galeatum
761 2858 824 2897 sero
837 2841 925 2898 duelli

195 2938 348 2994 Poeuitet.”
391 2937 542 3013 Experiar,
558 2937 629 3010 quid
642 2937 817 2993 concedatur
830 2937 861 2994 in
875 2939 950 3010 illos,

195 3037 329 3108 Quorum
342 3035 488 3094 Flaminia
500 3035 609 3111 tegitur
621 3032 694 3090 ciuis
706 3040 795 3106 atquo
806 3034 921 3090 Latina.

1104 2317 1124 2378 I
1169 2317 1194 2338 θ’
1222 2317 1253 2338 Α),
