2654 4348
201 331 243 390 44
508 349 539 392 n.
559 350 647 392 sunu
672 318 849 394 auranitis

200 480 341 558 Egregios
354 481 465 558 equites
478 488 508 540 et
521 491 617 540 eastra
630 482 797 542 domestica
840 473 951 558 Quidni
1008 547 1009 554 χ

201 579 276 636 Haee
289 579 410 655 cupias?
431 586 461 636 et
475 575 530 654 qui
539 581 644 638 nolunt
656 581 785 638 occidere
798 599 973 656 quenquam,

201 677 291 734 Posse
303 675 414 734 volunt.
458 675 515 735 Sed
524 695 594 751 quae
607 677 748 752 praeclara
760 686 790 734 et
803 697 940 753 prospera
952 685 1068 736 tantum

202 773 246 830 Ut
259 769 344 830 reb'us
357 772 434 830 laetis
448 792 501 849 par
514 774 553 832 sit
566 792 704 832 mensura
716 775 879 832 malorum?

203 869 310 946 Hujus,
326 871 376 945 qui
391 872 525 942 trahitur,
541 881 714 949 praetextam
728 891 841 931 sumere
854 874 955 944 mavis,

202 969 255 1026 An
269 968 445 1026 Fidenarum
460 968 680 1044 Gabiorumque
694 988 754 1028 esse
767 973 910 1045 potestaq'
1103 970 1160 1026 100

203 1065 244 1122 Et
258 1065 293 1121 de
306 1083 442 1124 mensura
449 1063 500 1140 jus
515 1066 618 1138 dicere,
633 1084 706 1125 vasa
717 1067 831 1124 minora

182 1189 188 1202 ·
204 1163 357 1238 Frangere,
372 1161 517 1239 pannosus
530 1163 631 1220 vaeuis
642 1163 751 1221 AEdilis
763 1163 903 1222 Ulubris?

203 1259 282 1337 Ergo
294 1260 366 1334 quid
380 1261 542 1336 optandum
555 1258 640 1335 foret,
656 1261 803 1336 ignorasse
816 1259 916 1320 fateris

203 1355 360 1430 Sejanumr
382 1375 453 1414 nam
466 1359 517 1432 qui
530 1357 636 1417 nimios
649 1360 769 1434 optabat
782 1359 914 1430 honores,

203 1454 245 1512 Et
257 1453 362 1512 nimias
375 1457 511 1530 poseebat
524 1472 602 1531 opes,
617 1473 772 1512 numerosa
785 1457 906 1530 parabat

203 1552 335 1610 Exoelsae
349 1553 439 1636 turris
452 1551 593 1622 tabulata,
609 1551 687 1608 unde
701 1551 787 1607 altior
800 1559 873 1608 esset
941 1595 944 1600 .

204 1649 305 1720 Casus,
321 1657 352 1706 et
364 1649 495 1724 impulsae
509 1666 638 1724 praeceps
650 1647 776 1704 immane
789 1649 890 1707 ruinae.

204 1746 283 1818 Quid
295 1745 424 1815 Crassos,
440 1745 512 1818 quid
526 1745 681 1820 Pompeios
696 1745 819 1802 evertit?
841 1753 871 1803 et
884 1746 978 1821 illum,

203 1841 255 1898 An
268 1859 324 1898 sua
337 1842 386 1914 qui
400 1841 523 1898 nominos
536 1841 657 1898 neuun
670 1826 763 1916 aaa
777 1842 926 1914 Quintus

204 1940 341 1998 Summus
354 1956 457 2014 nempe
471 1939 552 1996 loeus
564 1938 648 1996 nulla
661 1958 720 1996 non
734 1947 798 1998 arte
812 1942 928 2016 petitus,
1103 1943 1161 2002 110

203 2037 369 2112 Magnaque
382 2037 550 2094 numinibus
562 2045 633 2095 vota
646 2038 785 2096 exaudita
797 2039 938 2114 malignis.

203 2135 254 2192 Ad
266 2153 404 2210 generum
418 2134 533 2193 Cereris
545 2135 608 2192 sine
621 2135 699 2192 erede
714 2144 743 2192 et
756 2136 874 2194 vulnere
887 2136 974 2212 pauci
1001 2205 1003 2207 ¹

203 2233 389 2290 Desoendunt
402 2250 483 2308 reges
497 2239 526 2288 et
540 2233 616 2290 sicea
630 2241 724 2292 morte
738 2235 865 2308 tyranni.

244 2331 402 2404 Eloquium
417 2348 452 2387 ae
465 2328 575 2386 famam
588 2329 794 2387 Demosthenis
809 2338 861 2387 ant
875 2331 1024 2396 Ciceronis
1100 2385 1102 2390 ,

203 2428 311 2503 Incipit
324 2435 433 2502 optare,
446 2435 476 2484 et
489 2427 559 2484 totis
573 2427 804 2502 Quinquatribus
818 2437 909 2504 optat,

205 2526 345 2599 Quisquis
359 2526 455 2582 adhue
468 2543 527 2582 uno
542 2533 657 2602 partam
670 2525 740 2582 colit
754 2544 817 2582 asse
830 2527 1006 2600 Minervam,

204 2622 300 2693 Quem
313 2622 444 2695 sequitur
457 2629 554 2678 eustos
568 2629 697 2698 angustae
710 2623 831 2681 vernula
845 2643 945 2700 capsae.

203 2719 330 2792 Eloquio
343 2719 393 2776 sed
406 2727 528 2792 uterque
542 2724 618 2793 perit
631 2727 749 2788 orator3
770 2727 927 2795 utrumque

204 2817 317 2892 Largus
330 2823 359 2872 et
373 2811 524 2874 exundans
538 2815 597 2874 leto
611 2814 690 2874 dedit
704 2817 812 2893 ingenii
825 2815 896 2876 sous

203 2915 325 2990 Ingenio
337 2897 442 2972 manus
455 2920 498 2970 est
512 2921 542 2970 et
556 2914 657 2971 cervix
670 2932 760 2982 eaesa3
782 2934 835 2973 neo
849 2933 980 2990 unquam
1102 2917 1161 2977 120

204 3013 352 3091 Sanguine
365 3013 692 3080 rausidieimaduerunt
705 3021 799 3072 rostra
811 3015 918 3090 pusilli.

206 3114 261 3174 “O
275 3111 454 3172 fortunatam
467 3119 568 3170 natam
582 3131 628 3170 me
643 3112 769 3172 Consule
782 3114 906 3170 Romam
915 3112 955 3187 lf’i·

204 3211 317 3268 Antoni
329 3210 441 3286 gladios
453 3210 552 3285 potuit
565 3216 756 3281 contemnere,
772 3209 796 3266 si
810 3210 853 3266 sie
952 3235 955 3242 ·

205 3307 313 3364 Omnia
326 3306 455 3363 dixisset.
497 3305 631 3363 Ridenda
644 3313 781 3381 poemata
793 3306 881 3379 malo,

204 3405 302 3476 Quam
315 3411 345 3460 te
358 3403 529 3478 oonspieuae,
545 3403 644 3461 divina
657 3402 832 3479 Philippica,
847 3401 940 3477 fames,

203 3501 338 3558 Volveris
350 3519 370 3557 a
382 3500 476 3576 prima
489 3518 554 3574 qnae
567 3499 710 3575 proxima.
754 3501 855 3558 Saevus
867 3509 897 3558 et
910 3499 996 3559 illum

203 3599 311 3656 Exitus
325 3598 440 3671 eripuit,
455 3615 541 3672 quern
555 3597 737 3654 mirabantur
750 3595 877 3655 Athenae

202 3699 376 3755 Torrentem
389 3703 419 3752 et
432 3681 510 3770 pleni
523 3693 721 3752 moderantem
733 3692 825 3752 fraena
840 3695 957 3754 theatri.

203 3794 258 3852 Dis
272 3794 322 3851 ille
336 3791 462 3852 adversis
474 3792 589 3866 genitus
602 3789 720 3864 fatoque
733 3793 858 3864 sinistro,
