2708 4354
178 333 239 392 108
599 347 709 393 rursu
779 359 782 363 ·

175 481 322 554 Quidnam
335 479 428 557 igitur
437 479 563 539 faciam?
585 499 622 538 ne
634 497 721 552 nune,
736 499 827 556 quum
841 489 968 541 arcessat
980 490 1011 542 et
1024 483 1102 544 ultro

175 578 334 652 Supplicet,
348 577 504 636 accedaml
546 578 579 638 si
592 583 672 636 totus
685 585 716 636 et
727 577 841 654 integer
852 579 934 637 illinc

173 674 307 746 Exieras‚
323 693 359 732 ne
372 693 458 734 nunc.
499 675 568 747 Hic,
583 675 632 733 hic
644 691 731 748 quem
744 675 908 751 querimus,
922 675 972 736 hic
984 682 1037 751 est,
1062 725 1063 728 η

173 770 243 829 Non
256 771 288 829 in
301 769 421 844 festuca,
435 771 522 830 lictor
534 788 624 846 quam
632 769 729 847 jactat
741 771 867 849 ineptus
1144 769 1145 774 ’

173 872 195 929 J
195 888 229 928 us
241 871 330 928 habet
343 869 393 928 ille
405 869 451 927 sui
464 869 561 946 palpo,
576 887 662 945 quem
675 869 756 929 ducit
768 870 901 930 hiantem

174 967 296 1026 Cretata
308 967 448 1025 ambitio?
489 966 591 1044 Vigila
604 973 634 1024 et
648 967 723 1025 cicer
731 965 830 1044 ingere
841 969 924 1046 large
963 1009 965 1014 -

173 1063 296 1121 Rixanti
310 1065 428 1140 populo,
442 1073 543 1124 nestra
556 1073 590 1123 ut
604 1065 734 1124 Floralia
747 1066 858 1142 possint

172 1161 277 1237 Aprici
289 1161 452 1220 meminisse
465 1179 555 1220 senes.
597 1163 677 1234 Quid
689 1164 838 1240 pulcrIusi
878 1163 924 1224 At
937 1183 1028 1242 quum

172 1260 415 1320 Herodisvenere
428 1261 500 1335 dies,
515 1267 662 1336 unctaque
674 1259 800 1322 fenestra
1071 1263 1129 1324 180
1243 1272 1245 1275 ’

172 1357 329 1434 Dispositae
342 1359 480 1436 pinguem
493 1358 629 1419 nebulam
641 1351 777 1418 vomuere
790 1360 914 1418 lucernae

172 1457 329 1516 Portantes
342 1459 442 1530 violas,
457 1459 636 1532 rubrumque
648 1457 783 1533 amplexa
795 1459 924 1516 catinum

174 1552 278 1615 Gauda
290 1562 374 1613 natat
386 1555 500 1627 thuani,
514 1561 609 1612 tumet
623 1554 690 1612 alba
701 1554 798 1612 fidelia
810 1555 896 1612 vince

172 1649 272 1710 Labra
284 1641 383 1711 moues
396 1653 512 1739 tacitus,
526 1652 707 1725 recutitaque
720 1652 842 1709 sabbata
853 1651 953 1727 palles.

172 1750 258 1808 Tunc
271 1749 345 1825 nign'
358 1749 480 1806 lemures
494 1765 606 1822 ovoque
619 1748 747 1822 pericula
759 1755 855 1826 rupto,

173 1847 258 1904 Tunc
270 1846 391 1921 grandes
404 1844 485 1904 Galli
498 1852 529 1901 et
542 1862 608 1902 cum
622 1845 709 1903 sistro
721 1844 948 1906 luscasacerdoe

173 1942 323 2001 Incussere
336 1941 417 1999 Deos
430 1941 564 1999 inflantes
577 1959 707 2016 corpora,
723 1942 749 1999 ei
763 1961 821 2000 non

172 2037 348 2098 Praedictum
363 2044 408 2095 ter
420 2055 506 2096 mane
519 2045 608 2114 caput
621 2040 782 2115 gustaveris
791 2039 853 2097 alli.

213 2135 332 2194 Dixeris
345 2135 408 2192 haec
420 2133 497 2192 inter
510 2135 654 2193 varicosos
668 2135 865 2208 Centuriones,

174 2233 323 2293 Continuo
336 2249 462 2290 crassum
476 2232 553 2289 ridet
563 2229 717 2289 Vullenius
730 2233 840 2306 ingens,
1014 2312 1017 2317 Ι
1070 2235 1128 2294 190

174 2331 216 2390 Et
228 2336 346 2389 eentum
360 2327 479 2388 Graecos
491 2334 575 2386 curto
588 2333 720 2386 centusse
732 2327 843 2386 licetur.
