<?xml version="1.0" encoding="UTF-8"?>
<!DOCTYPE html PUBLIC "-//W3C//DTD XHTML 1.0 Transitional//EN"
    "http://www.w3.org/TR/xhtml1/DTD/xhtml1-transitional.dtd">
<html xmlns="http://www.w3.org/1999/xhtml" xml:lang="en" lang="en">
 <head>
  <title>
</title>
<meta http-equiv="Content-Type" content="text/html;charset=utf-8" />
  <meta name='ocr-system' content='tesseract 3.04.00' />
  <meta name='ocr-capabilities' content='ocr_page ocr_carea ocr_par ocr_line ocrx_word'/>
</head>
<body>
  <div class='ocr_page' id='page_1' title='image "./satiresjuvenala00juvegoog_0121.png"; bbox 0 0 2708 4354; ppageno 0'>
   <div class='ocr_carea' id='block_1_1' title="bbox 197 349 728 410">
    <p class='ocr_par' dir='ltr' id='par_1_1' title="bbox 197 349 728 410">
     <span class='ocr_line' id='line_1_1' title="bbox 197 349 728 410; baseline -0.004 0"><span class='ocrx_word' id='word_1_1' title='bbox 197 349 259 410; x_wconf 81' lang='lat'>104</span> <span class='ocrx_word' id='word_1_2' title='bbox 617 365 728 408; x_wconf 77' lang='lat' dir='ltr'>sessu</span> 
     </span>
    </p>
   </div>
   <div class='ocr_carea' id='block_1_2' title="bbox 188 497 1149 3866">
    <p class='ocr_par' dir='ltr' id='par_1_2' title="bbox 188 497 1148 2414">
     <span class='ocr_line' id='line_1_2' title="bbox 193 497 939 574; baseline -0.001 -18"><span class='ocrx_word' id='word_1_3' title='bbox 193 499 295 572; x_wconf 81' lang='lat' dir='ltr'>Quum</span> <span class='ocrx_word' id='word_1_4' title='bbox 307 497 408 556; x_wconf 76' lang='lat' dir='ltr'>blandi</span> <span class='ocrx_word' id='word_1_5' title='bbox 422 497 542 555; x_wconf 85' lang='lat' dir='ltr'>comites</span> <span class='ocrx_word' id='word_1_6' title='bbox 556 503 677 573; x_wconf 79' lang='lat' dir='ltr'>totaque</span> <span class='ocrx_word' id='word_1_7' title='bbox 690 498 809 574; x_wconf 87' lang='lat' dir='ltr'>impune</span> <span class='ocrx_word' id='word_1_8' title='bbox 822 497 939 557; x_wconf 85' lang='lat' dir='ltr'>Subura</span> 
     </span>
     <span class='ocr_line' id='line_1_3' title="bbox 192 591 939 669; baseline 0.001 -17"><span class='ocrx_word' id='word_1_9' title='bbox 192 593 331 652; x_wconf 73' lang='lat' dir='ltr'>Permisit</span> <span class='ocrx_word' id='word_1_10' title='bbox 343 593 480 669; x_wconf 80' lang='lat' dir='ltr'>sparsisse</span> <span class='ocrx_word' id='word_1_11' title='bbox 494 593 592 652; x_wconf 90' lang='lat' dir='ltr'>oculos</span> <span class='ocrx_word' id='word_1_12' title='bbox 601 591 667 668; x_wconf 87' lang='lat' dir='ltr'>jem</span> <span class='ocrx_word' id='word_1_13' title='bbox 679 592 819 652; x_wconf 83' lang='lat' dir='ltr'>cundibus</span> <span class='ocrx_word' id='word_1_14' title='bbox 834 597 939 661; x_wconf 87' lang='lat' dir='ltr'>nmbo;</span> 
     </span>
     <span class='ocr_line' id='line_1_4' title="bbox 192 688 1012 769; baseline -0.002 -19"><span class='ocrx_word' id='word_1_15' title='bbox 192 692 349 765; x_wconf 80' lang='lat' dir='ltr'>Quumque</span> <span class='ocrx_word' id='word_1_16' title='bbox 362 690 418 747; x_wconf 87' lang='lat' dir='ltr'>iter</span> <span class='ocrx_word' id='word_1_17' title='bbox 430 688 600 766; x_wconf 85' lang='lat' dir='ltr'>ambiguum</span> <span class='ocrx_word' id='word_1_18' title='bbox 613 697 665 760; x_wconf 89' lang='lat' dir='ltr'>est,</span> <span class='ocrx_word' id='word_1_19' title='bbox 681 696 711 769; x_wconf 73' lang='lat' dir='ltr'>et</span> <span class='ocrx_word' id='word_1_20' title='bbox 723 689 792 750; x_wconf 82' lang='lat' dir='ltr'>vitae</span> <span class='ocrx_word' id='word_1_21' title='bbox 804 690 918 748; x_wconf 88' lang='lat' dir='ltr'>nescius</span> <span class='ocrx_word' id='word_1_22' title='bbox 930 706 1012 748; x_wconf 85' lang='lat' dir='ltr'>error</span> 
     </span>
     <span class='ocr_line' id='line_1_5' title="bbox 193 785 901 862; baseline -0.006 -15"><span class='ocrx_word' id='word_1_23' title='bbox 193 788 315 847; x_wconf 88' lang='lat' dir='ltr'>Diducit</span> <span class='ocrx_word' id='word_1_24' title='bbox 329 785 456 862; x_wconf 82' lang='lat' dir='ltr'>trepidus</span> <span class='ocrx_word' id='word_1_25' title='bbox 468 803 585 844; x_wconf 82' lang='lat' dir='ltr'>ramosa</span> <span class='ocrx_word' id='word_1_26' title='bbox 597 786 629 843; x_wconf 91' lang='lat' dir='ltr'>in</span> <span class='ocrx_word' id='word_1_27' title='bbox 642 785 769 861; x_wconf 82' lang='lat' dir='ltr'>compita</span> <span class='ocrx_word' id='word_1_28' title='bbox 782 794 901 860; x_wconf 86' lang='lat' dir='ltr'>mentes,</span> 
     </span>
     <span class='ocr_line' id='line_1_6' title="bbox 192 881 902 958; baseline -0.003 -16"><span class='ocrx_word' id='word_1_29' title='bbox 192 886 244 942; x_wconf 91' lang='lat' dir='ltr'>Me</span> <span class='ocrx_word' id='word_1_30' title='bbox 256 884 312 942; x_wconf 84' lang='lat' dir='ltr'>tibi</span> <span class='ocrx_word' id='word_1_31' title='bbox 325 881 478 958; x_wconf 81' lang='lat' dir='ltr'>supposui:</span> <span class='ocrx_word' id='word_1_32' title='bbox 500 888 615 940; x_wconf 87' lang='lat' dir='ltr'>teneros</span> <span class='ocrx_word' id='word_1_33' title='bbox 627 889 661 939; x_wconf 91' lang='lat' dir='ltr'>tu</span> <span class='ocrx_word' id='word_1_34' title='bbox 674 881 797 957; x_wconf 79' lang='lat' dir='ltr'>suscipis</span> <span class='ocrx_word' id='word_1_35' title='bbox 809 899 902 940; x_wconf 84' lang='lat' dir='ltr'>annos</span> 
     </span>
     <span class='ocr_line' id='line_1_7' title="bbox 193 975 919 1054; baseline -0.006 -14"><span class='ocrx_word' id='word_1_36' title='bbox 193 980 350 1054; x_wconf 83' lang='lat' dir='ltr'>Socratico,</span> <span class='ocrx_word' id='word_1_37' title='bbox 363 978 502 1050; x_wconf 80' lang='lat' dir='ltr'>cornute,</span> <span class='ocrx_word' id='word_1_38' title='bbox 517 977 600 1046; x_wconf 76' lang='lat' dir='ltr'>sinu3</span> <span class='ocrx_word' id='word_1_39' title='bbox 622 984 694 1036; x_wconf 88' lang='lat' dir='ltr'>tune</span> <span class='ocrx_word' id='word_1_40' title='bbox 706 975 805 1036; x_wconf 81' lang='lat' dir='ltr'>fellere</span> <span class='ocrx_word' id='word_1_41' title='bbox 818 977 919 1036; x_wconf 92' lang='lat' dir='ltr'>sollers</span> 
     </span>
     <span class='ocr_line' id='line_1_8' title="bbox 192 1075 854 1154; baseline -0.002 -19"><span class='ocrx_word' id='word_1_42' title='bbox 192 1079 340 1154; x_wconf 78' lang='lat' dir='ltr'>Apposite</span> <span class='ocrx_word' id='word_1_43' title='bbox 351 1078 476 1136; x_wconf 85' lang='lat' dir='ltr'>intortos</span> <span class='ocrx_word' id='word_1_44' title='bbox 490 1075 623 1135; x_wconf 86' lang='lat' dir='ltr'>extendit</span> <span class='ocrx_word' id='word_1_45' title='bbox 636 1075 737 1154; x_wconf 84' lang='lat' dir='ltr'>regule</span> <span class='ocrx_word' id='word_1_46' title='bbox 749 1093 854 1148; x_wconf 86' lang='lat' dir='ltr'>mores,</span> 
     </span>
     <span class='ocr_line' id='line_1_9' title="bbox 192 1173 927 1250; baseline 0 -18"><span class='ocrx_word' id='word_1_47' title='bbox 192 1175 234 1232; x_wconf 87' lang='lat' dir='ltr'>Et</span> <span class='ocrx_word' id='word_1_48' title='bbox 246 1175 389 1250; x_wconf 88' lang='lat' dir='ltr'>premitur</span> <span class='ocrx_word' id='word_1_49' title='bbox 401 1174 514 1232; x_wconf 80' lang='lat' dir='ltr'>ratione</span> <span class='ocrx_word' id='word_1_50' title='bbox 528 1173 643 1232; x_wconf 83' lang='lat' dir='ltr'>animus</span> <span class='ocrx_word' id='word_1_51' title='bbox 657 1173 793 1249; x_wconf 86' lang='lat' dir='ltr'>vincique</span> <span class='ocrx_word' id='word_1_52' title='bbox 803 1175 927 1246; x_wconf 83' lang='lat' dir='ltr'>laborat,</span> 
     </span>
     <span class='ocr_line' id='line_1_10' title="bbox 191 1271 884 1349; baseline -0.003 -19"><span class='ocrx_word' id='word_1_53' title='bbox 191 1271 403 1346; x_wconf 85' lang='lat' dir='ltr'>Artificemqus</span> <span class='ocrx_word' id='word_1_54' title='bbox 415 1279 469 1332; x_wconf 90' lang='lat' dir='ltr'>tuo</span> <span class='ocrx_word' id='word_1_55' title='bbox 481 1271 563 1336; x_wconf 84' lang='lat' dir='ltr'>ducit</span> <span class='ocrx_word' id='word_1_56' title='bbox 576 1274 630 1331; x_wconf 90' lang='lat' dir='ltr'>sub</span> <span class='ocrx_word' id='word_1_57' title='bbox 643 1272 748 1349; x_wconf 76' lang='lat' dir='ltr'>pollice</span> <span class='ocrx_word' id='word_1_58' title='bbox 761 1273 884 1331; x_wconf 87' lang='lat' dir='ltr'>vultum.</span> 
     </span>
     <span class='ocr_line' id='line_1_11' title="bbox 191 1367 1056 1454; baseline 0.002 -30"><span class='ocrx_word' id='word_1_59' title='bbox 191 1369 301 1427; x_wconf 81' lang='lat' dir='ltr'><strong>Tecum</strong></span> <span class='ocrx_word' id='word_1_60' title='bbox 315 1368 423 1427; x_wconf 89' lang='lat' dir='ltr'>etenim</span> <span class='ocrx_word' id='word_1_61' title='bbox 436 1369 539 1447; x_wconf 78' lang='lat' dir='ltr'>longos</span> <span class='ocrx_word' id='word_1_62' title='bbox 551 1367 671 1428; x_wconf 86' lang='lat' dir='ltr'>memini</span> <span class='ocrx_word' id='word_1_63' title='bbox 685 1385 853 1428; x_wconf 83' lang='lat' dir='ltr'>consumere</span> <span class='ocrx_word' id='word_1_64' title='bbox 866 1368 948 1442; x_wconf 88' lang='lat' dir='ltr'>soles,</span> <span class='ocrx_word' id='word_1_65' title='bbox 1053 1447 1056 1454; x_wconf 23' lang='grc' dir='ltr'>Ι</span> 
     </span>
     <span class='ocr_line' id='line_1_12' title="bbox 190 1466 853 1545; baseline -0.002 -21"><span class='ocrx_word' id='word_1_66' title='bbox 190 1466 232 1524; x_wconf 89' lang='lat' dir='ltr'>Et</span> <span class='ocrx_word' id='word_1_67' title='bbox 244 1473 341 1525; x_wconf 87' lang='lat' dir='ltr'>tecum</span> <span class='ocrx_word' id='word_1_68' title='bbox 354 1467 463 1543; x_wconf 83' lang='lat' dir='ltr'>primas</span> <span class='ocrx_word' id='word_1_69' title='bbox 476 1467 570 1545; x_wconf 88' lang='lat' dir='ltr'>epulis</span> <span class='ocrx_word' id='word_1_70' title='bbox 584 1467 734 1543; x_wconf 84' lang='lat' dir='ltr'>decerpere</span> <span class='ocrx_word' id='word_1_71' title='bbox 747 1474 853 1525; x_wconf 88' lang='lat' dir='ltr'>noctes.</span> 
     </span>
     <span class='ocr_line' id='line_1_13' title="bbox 190 1561 993 1639; baseline 0 -18"><span class='ocrx_word' id='word_1_72' title='bbox 190 1563 293 1621; x_wconf 91' lang='lat' dir='ltr'>Unum</span> <span class='ocrx_word' id='word_1_73' title='bbox 306 1581 379 1639; x_wconf 87' lang='lat' dir='ltr'>opus</span> <span class='ocrx_word' id='word_1_74' title='bbox 392 1571 422 1620; x_wconf 88' lang='lat' dir='ltr'>et</span> <span class='ocrx_word' id='word_1_75' title='bbox 434 1564 566 1636; x_wconf 90' lang='lat' dir='ltr'>requiem</span> <span class='ocrx_word' id='word_1_76' title='bbox 579 1563 689 1639; x_wconf 84' lang='lat' dir='ltr'>puriter</span> <span class='ocrx_word' id='word_1_77' title='bbox 703 1561 881 1637; x_wconf 83' lang='lat' dir='ltr'>disponimus</span> <span class='ocrx_word' id='word_1_78' title='bbox 896 1563 993 1636; x_wconf 84' lang='lat' dir='ltr'>umbo,</span> 
     </span>
     <span class='ocr_line' id='line_1_14' title="bbox 190 1658 825 1734; baseline -0.002 -16"><span class='ocrx_word' id='word_1_79' title='bbox 190 1658 290 1734; x_wconf 84' lang='lat' dir='ltr'>Atque</span> <span class='ocrx_word' id='word_1_80' title='bbox 304 1659 468 1718; x_wconf 81' lang='lat' dir='ltr'>verecunde</span> <span class='ocrx_word' id='word_1_81' title='bbox 480 1659 614 1717; x_wconf 84' lang='lat' dir='ltr'>laxemus</span> <span class='ocrx_word' id='word_1_82' title='bbox 629 1659 705 1716; x_wconf 81' lang='lat' dir='ltr'>seria</span> <span class='ocrx_word' id='word_1_83' title='bbox 718 1677 825 1717; x_wconf 84' lang='lat' dir='ltr'>mensa.</span> 
     </span>
     <span class='ocr_line' id='line_1_15' title="bbox 190 1752 995 1830; baseline 0.001 -18"><span class='ocrx_word' id='word_1_84' title='bbox 190 1754 258 1813; x_wconf 90' lang='lat' dir='ltr'>Non</span> <span class='ocrx_word' id='word_1_85' title='bbox 272 1755 404 1830; x_wconf 90' lang='lat' dir='ltr'>equidem</span> <span class='ocrx_word' id='word_1_86' title='bbox 417 1754 474 1812; x_wconf 88' lang='lat' dir='ltr'>boe</span> <span class='ocrx_word' id='word_1_87' title='bbox 488 1755 612 1826; x_wconf 83' lang='lat' dir='ltr'>dubites,</span> <span class='ocrx_word' id='word_1_88' title='bbox 628 1757 781 1814; x_wconf 84' lang='lat' dir='ltr'>amborum</span> <span class='ocrx_word' id='word_1_89' title='bbox 794 1752 902 1814; x_wconf 85' lang='lat' dir='ltr'>foedere</span> <span class='ocrx_word' id='word_1_90' title='bbox 915 1759 995 1814; x_wconf 83' lang='lat' dir='ltr'>certo</span> 
     </span>
     <span class='ocr_line' id='line_1_16' title="bbox 190 1841 808 1912; baseline -0.002 0"><span class='ocrx_word' id='word_1_91' title='bbox 190 1841 362 1912; x_wconf 84' lang='lat' dir='ltr'>Consentire</span> <span class='ocrx_word' id='word_1_92' title='bbox 375 1852 436 1910; x_wconf 90' lang='lat' dir='ltr'>dies</span> <span class='ocrx_word' id='word_1_93' title='bbox 449 1852 530 1910; x_wconf 81' lang='lat' dir='ltr'>stab</span> <span class='ocrx_word' id='word_1_94' title='bbox 544 1869 604 1909; x_wconf 89' lang='lat' dir='ltr'>uno</span> <span class='ocrx_word' id='word_1_95' title='bbox 618 1852 711 1910; x_wconf 89' lang='lat' dir='ltr'>sidere</span> <span class='ocrx_word' id='word_1_96' title='bbox 725 1852 808 1910; x_wconf 82' lang='lat' dir='ltr'>duci:</span> 
     </span>
     <span class='ocr_line' id='line_1_17' title="bbox 188 1947 878 2026; baseline 0.003 -20"><span class='ocrx_word' id='word_1_97' title='bbox 188 1947 298 2006; x_wconf 83' lang='lat' dir='ltr'>Nostra</span> <span class='ocrx_word' id='word_1_98' title='bbox 311 1948 358 2006; x_wconf 91' lang='lat' dir='ltr'>vel</span> <span class='ocrx_word' id='word_1_99' title='bbox 372 1948 477 2022; x_wconf 83' lang='lat' dir='ltr'>sequuli</span> <span class='ocrx_word' id='word_1_100' title='bbox 491 1948 643 2024; x_wconf 86' lang='lat' dir='ltr'>suspendit</span> <span class='ocrx_word' id='word_1_101' title='bbox 656 1949 878 2026; x_wconf 72' lang='lat' dir='ltr'>temporalibus</span> 
     </span>
     <span class='ocr_line' id='line_1_18' title="bbox 188 2041 858 2119; baseline 0.006 -16"><span class='ocrx_word' id='word_1_102' title='bbox 188 2047 285 2104; x_wconf 78' lang='lat' dir='ltr'>Parca</span> <span class='ocrx_word' id='word_1_103' title='bbox 298 2052 389 2104; x_wconf 84' lang='lat' dir='ltr'>tenax</span> <span class='ocrx_word' id='word_1_104' title='bbox 401 2045 474 2119; x_wconf 88' lang='lat' dir='ltr'>veri,</span> <span class='ocrx_word' id='word_1_105' title='bbox 487 2063 540 2104; x_wconf 87' lang='lat' dir='ltr'>seu</span> <span class='ocrx_word' id='word_1_106' title='bbox 552 2053 626 2104; x_wconf 82' lang='lat' dir='ltr'>netu</span> <span class='ocrx_word' id='word_1_107' title='bbox 639 2041 772 2106; x_wconf 88' lang='lat' dir='ltr'>fidelibus</span> <span class='ocrx_word' id='word_1_108' title='bbox 785 2047 858 2107; x_wconf 83' lang='lat' dir='ltr'>hors</span> 
     </span>
     <span class='ocr_line' id='line_1_19' title="bbox 189 2141 885 2219; baseline 0.003 -18"><span class='ocrx_word' id='word_1_109' title='bbox 189 2142 306 2201; x_wconf 82' lang='lat' dir='ltr'>Dividit</span> <span class='ocrx_word' id='word_1_110' title='bbox 319 2143 352 2200; x_wconf 92' lang='lat' dir='ltr'>in</span> <span class='ocrx_word' id='word_1_111' title='bbox 365 2143 495 2219; x_wconf 88' lang='lat' dir='ltr'>geminos</span> <span class='ocrx_word' id='word_1_112' title='bbox 509 2141 663 2203; x_wconf 84' lang='lat' dir='ltr'>concordie</span> <span class='ocrx_word' id='word_1_113' title='bbox 675 2142 739 2202; x_wconf 84' lang='lat' dir='ltr'>fatu</span> <span class='ocrx_word' id='word_1_114' title='bbox 752 2145 885 2217; x_wconf 88' lang='lat' dir='ltr'>duorum,</span> 
     </span>
     <span class='ocr_line' id='line_1_20' title="bbox 189 2240 1148 2318; baseline 0 -18"><span class='ocrx_word' id='word_1_115' title='bbox 189 2241 386 2300; x_wconf 81' lang='lat' dir='ltr'>Saturnumve</span> <span class='ocrx_word' id='word_1_116' title='bbox 398 2259 518 2318; x_wconf 79' lang='lat' dir='ltr'>gravem</span> <span class='ocrx_word' id='word_1_117' title='bbox 530 2247 631 2300; x_wconf 87' lang='lat' dir='ltr'>nostro</span> <span class='ocrx_word' id='word_1_118' title='bbox 643 2241 666 2300; x_wconf 83' lang='lat' dir='ltr'><strong>J</strong></span> <span class='ocrx_word' id='word_1_119' title='bbox 666 2258 720 2299; x_wconf 87' lang='lat' dir='ltr'>ove</span> <span class='ocrx_word' id='word_1_120' title='bbox 732 2240 895 2318; x_wconf 84' lang='lat' dir='ltr'>frangimus</span> <span class='ocrx_word' id='word_1_121' title='bbox 908 2255 985 2298; x_wconf 76' lang='lat' dir='ltr'>nuuc</span> <span class='ocrx_word' id='word_1_122' title='bbox 1108 2243 1148 2300; x_wconf 86' lang='lat'>50</span> 
     </span>
     <span class='ocr_line' id='line_1_21' title="bbox 188 2336 1075 2414; baseline 0.001 -16"><span class='ocrx_word' id='word_1_123' title='bbox 188 2338 296 2399; x_wconf 85' lang='lat' dir='ltr'>Nescio</span> <span class='ocrx_word' id='word_1_124' title='bbox 309 2339 398 2412; x_wconf 89' lang='lat' dir='ltr'>quod,</span> <span class='ocrx_word' id='word_1_125' title='bbox 413 2346 491 2397; x_wconf 90' lang='lat' dir='ltr'>certe</span> <span class='ocrx_word' id='word_1_126' title='bbox 504 2346 556 2411; x_wconf 90' lang='lat' dir='ltr'>est,</span> <span class='ocrx_word' id='word_1_127' title='bbox 572 2336 651 2413; x_wconf 89' lang='lat' dir='ltr'>quod</span> <span class='ocrx_word' id='word_1_128' title='bbox 664 2355 712 2394; x_wconf 91' lang='lat' dir='ltr'>me</span> <span class='ocrx_word' id='word_1_129' title='bbox 724 2337 778 2397; x_wconf 91' lang='lat' dir='ltr'>tibi</span> <span class='ocrx_word' id='word_1_130' title='bbox 792 2345 943 2414; x_wconf 86' lang='lat' dir='ltr'>temperat,</span> <span class='ocrx_word' id='word_1_131' title='bbox 958 2344 1075 2400; x_wconf 76' lang='lat' dir='ltr'>astrum</span> 
     </span>
    </p>

    <p class='ocr_par' dir='ltr' id='par_1_3' title="bbox 188 2430 1149 3382">
     <span class='ocr_line' id='line_1_22' title="bbox 229 2430 993 2509; baseline 0.001 -18"><span class='ocrx_word' id='word_1_132' title='bbox 229 2434 314 2491; x_wconf 89' lang='lat' dir='ltr'>Mille</span> <span class='ocrx_word' id='word_1_133' title='bbox 327 2434 480 2492; x_wconf 90' lang='lat' dir='ltr'>hominum</span> <span class='ocrx_word' id='word_1_134' title='bbox 493 2434 601 2509; x_wconf 89' lang='lat' dir='ltr'>species</span> <span class='ocrx_word' id='word_1_135' title='bbox 614 2440 643 2491; x_wconf 85' lang='lat' dir='ltr'>e&#39;t</span> <span class='ocrx_word' id='word_1_136' title='bbox 657 2450 755 2492; x_wconf 85' lang='lat' dir='ltr'>rerum</span> <span class='ocrx_word' id='word_1_137' title='bbox 767 2430 892 2492; x_wconf 88' lang='lat' dir='ltr'>discolor</span> <span class='ocrx_word' id='word_1_138' title='bbox 905 2451 993 2504; x_wconf 87' lang='lat' dir='ltr'>usus;</span> 
     </span>
     <span class='ocr_line' id='line_1_23' title="bbox 188 2529 915 2603; baseline 0 -14"><span class='ocrx_word' id='word_1_139' title='bbox 188 2530 274 2589; x_wconf 88' lang='lat' dir='ltr'>Velle</span> <span class='ocrx_word' id='word_1_140' title='bbox 287 2546 371 2587; x_wconf 88' lang='lat' dir='ltr'>suum</span> <span class='ocrx_word' id='word_1_141' title='bbox 385 2529 490 2603; x_wconf 92' lang='lat' dir='ltr'>cuique</span> <span class='ocrx_word' id='word_1_142' title='bbox 503 2536 555 2602; x_wconf 75' lang='lat' dir='ltr'>est,</span> <span class='ocrx_word' id='word_1_143' title='bbox 571 2547 626 2588; x_wconf 91' lang='lat' dir='ltr'>nec</span> <span class='ocrx_word' id='word_1_144' title='bbox 638 2536 709 2588; x_wconf 85' lang='lat' dir='ltr'>voto</span> <span class='ocrx_word' id='word_1_145' title='bbox 722 2529 834 2589; x_wconf 80' lang='lat' dir='ltr'>vivitur</span> <span class='ocrx_word' id='word_1_146' title='bbox 847 2547 915 2589; x_wconf 89' lang='lat' dir='ltr'>uno.</span> 
     </span>
     <span class='ocr_line' id='line_1_24' title="bbox 190 2623 870 2684; baseline 0 -2"><span class='ocrx_word' id='word_1_147' title='bbox 190 2623 337 2683; x_wconf 85' lang='lat' dir='ltr'>Mercibus</span> <span class='ocrx_word' id='word_1_148' title='bbox 349 2624 397 2682; x_wconf 92' lang='lat' dir='ltr'>hic</span> <span class='ocrx_word' id='word_1_149' title='bbox 409 2623 495 2682; x_wconf 78' lang='lat' dir='ltr'>Italis</span> <span class='ocrx_word' id='word_1_150' title='bbox 508 2631 606 2683; x_wconf 86' lang='lat' dir='ltr'>mutet</span> <span class='ocrx_word' id='word_1_151' title='bbox 619 2626 675 2683; x_wconf 92' lang='lat' dir='ltr'>sub</span> <span class='ocrx_word' id='word_1_152' title='bbox 688 2625 748 2684; x_wconf 90' lang='lat' dir='ltr'>sole</span> <span class='ocrx_word' id='word_1_153' title='bbox 760 2625 870 2684; x_wconf 84' lang='lat' dir='ltr'>recenti</span> 
     </span>
     <span class='ocr_line' id='line_1_25' title="bbox 189 2719 874 2798; baseline 0.001 -20"><span class='ocrx_word' id='word_1_154' title='bbox 189 2722 340 2796; x_wconf 86' lang='lat' dir='ltr'>Rugosum</span> <span class='ocrx_word' id='word_1_155' title='bbox 353 2719 436 2797; x_wconf 86' lang='lat' dir='ltr'>piper</span> <span class='ocrx_word' id='word_1_156' title='bbox 449 2727 479 2778; x_wconf 90' lang='lat' dir='ltr'>et</span> <span class='ocrx_word' id='word_1_157' title='bbox 492 2721 629 2797; x_wconf 82' lang='lat' dir='ltr'>pellentis</span> <span class='ocrx_word' id='word_1_158' title='bbox 641 2739 734 2798; x_wconf 82' lang='lat' dir='ltr'>gruna</span> <span class='ocrx_word' id='word_1_159' title='bbox 746 2721 858 2781; x_wconf 79' lang='lat' dir='ltr'>cumini</span> <span class='ocrx_word' id='word_1_160' title='bbox 865 2743 874 2790; x_wconf 71' lang='grc' dir='ltr'><strong>ς</strong></span> 
     </span>
     <span class='ocr_line' id='line_1_26' title="bbox 189 2817 905 2896; baseline 0.003 -20"><span class='ocrx_word' id='word_1_161' title='bbox 189 2819 250 2876; x_wconf 90' lang='lat' dir='ltr'>Hic</span> <span class='ocrx_word' id='word_1_162' title='bbox 262 2824 345 2876; x_wconf 80' lang='lat' dir='ltr'>satur</span> <span class='ocrx_word' id='word_1_163' title='bbox 357 2817 468 2896; x_wconf 84' lang='lat' dir='ltr'>irriguo</span> <span class='ocrx_word' id='word_1_164' title='bbox 482 2819 597 2878; x_wconf 79' lang='lat' dir='ltr'>mavult</span> <span class='ocrx_word' id='word_1_165' title='bbox 609 2825 772 2896; x_wconf 84' lang='lat' dir='ltr'>turgescere</span> <span class='ocrx_word' id='word_1_166' title='bbox 786 2837 905 2890; x_wconf 87' lang='lat' dir='ltr'>somno;</span> 
     </span>
     <span class='ocr_line' id='line_1_27' title="bbox 189 2914 883 2994; baseline 0.004 -22"><span class='ocrx_word' id='word_1_167' title='bbox 189 2915 251 2974; x_wconf 91' lang='lat' dir='ltr'>Hic</span> <span class='ocrx_word' id='word_1_168' title='bbox 264 2914 377 2992; x_wconf 84' lang='lat' dir='ltr'>Campo</span> <span class='ocrx_word' id='word_1_169' title='bbox 389 2915 539 2994; x_wconf 87' lang='lat' dir='ltr'>indulget;</span> <span class='ocrx_word' id='word_1_170' title='bbox 560 2917 639 2978; x_wconf 91' lang='lat' dir='ltr'>bunc</span> <span class='ocrx_word' id='word_1_171' title='bbox 652 2916 718 2976; x_wconf 82' lang='lat' dir='ltr'>alea</span> <span class='ocrx_word' id='word_1_172' title='bbox 731 2917 883 2993; x_wconf 87' lang='lat' dir='ltr'>decoquit:</span> 
     </span>
     <span class='ocr_line' id='line_1_28' title="bbox 191 3012 646 3092; baseline 0.002 -20"><span class='ocrx_word' id='word_1_173' title='bbox 191 3012 249 3072; x_wconf 85' lang='lat' dir='ltr'>Sed</span> <span class='ocrx_word' id='word_1_174' title='bbox 262 3031 355 3088; x_wconf 90' lang='lat' dir='ltr'>quum</span> <span class='ocrx_word' id='word_1_175' title='bbox 368 3013 500 3091; x_wconf 78' lang='lat' dir='ltr'>lapidosa</span> <span class='ocrx_word' id='word_1_176' title='bbox 512 3015 646 3092; x_wconf 76' lang='lat' dir='ltr'>chiragra</span> 
     </span>
     <span class='ocr_line' id='line_1_29' title="bbox 190 3111 812 3190; baseline 0.006 -22"><span class='ocrx_word' id='word_1_177' title='bbox 190 3111 323 3187; x_wconf 88' lang='lat' dir='ltr'>Fregerit</span> <span class='ocrx_word' id='word_1_178' title='bbox 336 3112 476 3172; x_wconf 84' lang='lat' dir='ltr'>articulos</span> <span class='ocrx_word' id='word_1_179' title='bbox 488 3113 595 3172; x_wconf 81' lang='lat' dir='ltr'>veteris</span> <span class='ocrx_word' id='word_1_180' title='bbox 606 3113 732 3172; x_wconf 77' lang='lat' dir='ltr'>ramalia</span> <span class='ocrx_word' id='word_1_181' title='bbox 743 3112 812 3190; x_wconf 78' lang='lat' dir='ltr'>fugi,</span> 
     </span>
     <span class='ocr_line' id='line_1_30' title="bbox 190 3193 1149 3286; baseline 0.005 -21"><span class='ocrx_word' id='word_1_182' title='bbox 190 3208 275 3266; x_wconf 90' lang='lat' dir='ltr'>Tunc</span> <span class='ocrx_word' id='word_1_183' title='bbox 288 3193 401 3267; x_wconf 71' lang='lat' dir='ltr'>crsssos&#39;</span> <span class='ocrx_word' id='word_1_184' title='bbox 412 3209 550 3269; x_wconf 84' lang='lat' dir='ltr'>transisse</span> <span class='ocrx_word' id='word_1_185' title='bbox 562 3211 624 3270; x_wconf 89' lang='lat' dir='ltr'>dies</span> <span class='ocrx_word' id='word_1_186' title='bbox 635 3211 786 3286; x_wconf 88' lang='lat' dir='ltr'>lucemque</span> <span class='ocrx_word' id='word_1_187' title='bbox 799 3212 965 3286; x_wconf 81' lang='lat' dir='ltr'>palustrem,</span> <span class='ocrx_word' id='word_1_188' title='bbox 1109 3212 1149 3270; x_wconf 90' lang='grc'>60</span> 
     </span>
     <span class='ocr_line' id='line_1_31' title="bbox 189 3302 922 3382; baseline 0.01 -23"><span class='ocrx_word' id='word_1_189' title='bbox 189 3302 232 3360; x_wconf 86' lang='lat' dir='ltr'>Et</span> <span class='ocrx_word' id='word_1_190' title='bbox 244 3303 300 3360; x_wconf 91' lang='lat' dir='ltr'>sibi</span> <span class='ocrx_word' id='word_1_191' title='bbox 309 3303 374 3377; x_wconf 84' lang='lat' dir='ltr'>jam</span> <span class='ocrx_word' id='word_1_192' title='bbox 386 3306 485 3364; x_wconf 65' lang='lat' dir='ltr'>musci</span> <span class='ocrx_word' id='word_1_193' title='bbox 499 3306 592 3364; x_wconf 84' lang='lat' dir='ltr'>vitem</span> <span class='ocrx_word' id='word_1_194' title='bbox 604 3307 769 3382; x_wconf 87' lang='lat' dir='ltr'>ingemuere</span> <span class='ocrx_word' id='word_1_195' title='bbox 781 3309 922 3366; x_wconf 85' lang='lat' dir='ltr'>relictam.</span> 
     </span>
    </p>

    <p class='ocr_par' dir='ltr' id='par_1_4' title="bbox 190 3398 993 3770">
     <span class='ocr_line' id='line_1_32' title="bbox 230 3398 923 3480; baseline 0.009 -25"><span class='ocrx_word' id='word_1_196' title='bbox 230 3398 275 3456; x_wconf 85' lang='lat' dir='ltr'>At</span> <span class='ocrx_word' id='word_1_197' title='bbox 288 3406 318 3456; x_wconf 87' lang='lat' dir='ltr'>te</span> <span class='ocrx_word' id='word_1_198' title='bbox 331 3404 482 3460; x_wconf 91' lang='lat' dir='ltr'>nocturnis</span> <span class='ocrx_word' id='word_1_199' title='bbox 489 3401 577 3478; x_wconf 84' lang='lat' dir='ltr'>juvet</span> <span class='ocrx_word' id='word_1_200' title='bbox 589 3403 786 3480; x_wconf 84' lang='lat' dir='ltr'>impallescere</span> <span class='ocrx_word' id='word_1_201' title='bbox 798 3405 923 3462; x_wconf 84' lang='lat' dir='ltr'>chartis:</span> 
     </span>
     <span class='ocr_line' id='line_1_33' title="bbox 191 3493 904 3576; baseline 0.004 -21"><span class='ocrx_word' id='word_1_202' title='bbox 191 3493 295 3555; x_wconf 80' lang='lat' dir='ltr'>Cultor</span> <span class='ocrx_word' id='word_1_203' title='bbox 309 3498 388 3556; x_wconf 91' lang='lat' dir='ltr'>enim</span> <span class='ocrx_word' id='word_1_204' title='bbox 395 3497 539 3573; x_wconf 88' lang='lat' dir='ltr'>juvenum</span> <span class='ocrx_word' id='word_1_205' title='bbox 552 3507 692 3576; x_wconf 81' lang='lat' dir='ltr'>purgatas</span> <span class='ocrx_word' id='word_1_206' title='bbox 705 3500 808 3558; x_wconf 86' lang='lat' dir='ltr'>inseris</span> <span class='ocrx_word' id='word_1_207' title='bbox 820 3517 904 3559; x_wconf 82' lang='lat' dir='ltr'>eures</span> 
     </span>
     <span class='ocr_line' id='line_1_34' title="bbox 191 3592 993 3672; baseline 0.006 -24"><span class='ocrx_word' id='word_1_208' title='bbox 191 3592 288 3669; x_wconf 87' lang='lat' dir='ltr'>Fruge</span> <span class='ocrx_word' id='word_1_209' title='bbox 302 3593 471 3669; x_wconf 79' lang='lat' dir='ltr'>Cleanthea,</span> <span class='ocrx_word' id='word_1_210' title='bbox 485 3597 575 3672; x_wconf 89' lang='lat' dir='ltr'>petite</span> <span class='ocrx_word' id='word_1_211' title='bbox 587 3597 656 3656; x_wconf 90' lang='lat' dir='ltr'>hinc</span> <span class='ocrx_word' id='word_1_212' title='bbox 664 3595 843 3671; x_wconf 87' lang='lat' dir='ltr'>juvenesque</span> <span class='ocrx_word' id='word_1_213' title='bbox 856 3613 993 3672; x_wconf 88' lang='lat' dir='ltr'>senesque</span> 
     </span>
     <span class='ocr_line' id='line_1_35' title="bbox 190 3689 902 3770; baseline 0.006 -22"><span class='ocrx_word' id='word_1_214' title='bbox 190 3689 297 3748; x_wconf 83' lang='lat' dir='ltr'>Finem</span> <span class='ocrx_word' id='word_1_215' title='bbox 310 3691 407 3750; x_wconf 81' lang='lat' dir='ltr'>animo</span> <span class='ocrx_word' id='word_1_216' title='bbox 421 3700 531 3751; x_wconf 90' lang='lat' dir='ltr'>certum</span> <span class='ocrx_word' id='word_1_217' title='bbox 543 3693 672 3768; x_wconf 85' lang='lat' dir='ltr'>serisque</span> <span class='ocrx_word' id='word_1_218' title='bbox 684 3695 793 3754; x_wconf 82' lang='lat' dir='ltr'>viatica</span> <span class='ocrx_word' id='word_1_219' title='bbox 805 3693 902 3770; x_wconf 82' lang='lat' dir='ltr'>canisi</span> 
     </span>
    </p>

    <p class='ocr_par' dir='ltr' id='par_1_5' title="bbox 192 3772 1148 3866">
     <span class='ocr_line' id='line_1_36' title="bbox 192 3772 1148 3866; baseline 0.001 -19"><span class='ocrx_word' id='word_1_220' title='bbox 192 3790 211 3821; x_wconf 79' lang='lat'>‘⁶</span> <span class='ocrx_word' id='word_1_221' title='bbox 221 3786 295 3847; x_wconf 84' lang='lat' dir='ltr'>Cras</span> <span class='ocrx_word' id='word_1_222' title='bbox 307 3787 364 3846; x_wconf 92' lang='lat' dir='ltr'>hoe</span> <span class='ocrx_word' id='word_1_223' title='bbox 376 3772 454 3846; x_wconf 70' lang='lat' dir='ltr'>fiet.’³</span> <span class='ocrx_word' id='word_1_224' title='bbox 488 3787 579 3846; x_wconf 90' lang='lat' dir='ltr'>&#39;Idem</span> <span class='ocrx_word' id='word_1_225' title='bbox 591 3807 657 3848; x_wconf 84' lang='lat' dir='ltr'>crus</span> <span class='ocrx_word' id='word_1_226' title='bbox 671 3791 728 3848; x_wconf 83' lang='lat' dir='ltr'>flet.</span> <span class='ocrx_word' id='word_1_227' title='bbox 768 3794 786 3826; x_wconf 92' lang='lat'><strong>“</strong></span> <span class='ocrx_word' id='word_1_228' title='bbox 795 3790 891 3864; x_wconf 68' lang='lat' dir='ltr'>Quid?</span> <span class='ocrx_word' id='word_1_229' title='bbox 914 3789 996 3866; x_wconf 84' lang='lat' dir='ltr'>quasi</span> <span class='ocrx_word' id='word_1_230' title='bbox 1008 3781 1148 3866; x_wconf 78' lang='lat' dir='ltr'>inagnum</span> 
     </span>
    </p>
   </div>
   <div class='ocr_carea' id='block_1_3' title="bbox 0 0 1358 4354">
    <p class='ocr_par' dir='ltr' id='par_1_6' title="bbox 0 0 1358 4354">
     <span class='ocr_line' id='line_1_37' title="bbox 0 0 1358 4354; baseline 0 0"><span class='ocrx_word' id='word_1_231' title='bbox 0 0 1358 4354; x_wconf 95' lang='lat' dir='ltr'> </span> 
     </span>
    </p>
   </div>
  </div>
 </body>
</html>
