2672 4350
173 347 214 405 74
261 348 263 353 “
481 362 511 404 n.
528 361 617 404 surm
640 361 819 405 ruvnnanrs

171 489 199 552 O
213 492 295 568 pueri
305 492 333 550 !''
374 487 491 550 Marsus
504 493 618 552 dicebat
631 500 661 551 et
674 493 819 552 Hernicus
833 493 903 550 olim

170 589 366 662 Vestinusque
379 606 483 656 senex3
508 594 528 626 ‘⁶
536 607 641 664 panem
654 607 818 662 quaeramus
832 597 940 660 aratro,

171 686 231 757 Qui
244 686 316 742 satis
329 692 372 741 est
385 684 506 742 mensis:
529 684 650 742 laudant
663 685 719 743 hoe
732 685 853 744 numina
865 686 951 758 ruris,

171 784 303 854 Quorum
318 799 372 856 ope
385 789 414 837 et
428 781 539 838 auxilio
553 790 645 857 gratae
658 789 724 856 post
737 799 843 839 munus
858 785 954 840 aristae

171 879 353 954 Contingunt
366 878 479 936 homini
492 879 597 936 veteris
611 877 727 936 fastidia
741 896 872 953 quercus.

169 975 223 1033 Nil
235 975 358 1052 vetitum
371 973 469 1032 fecisse
482 974 570 1047 volet,
586 993 672 1050 quem
686 994 744 1034 non
759 977 849 1052 pudet
863 977 924 1035 alto

170 1075 228 1129 Per
239 1072 363 1148 glaciem
376 1089 483 1148 perone
497 1073 563 1149 tegi,
578 1073 629 1147 qui
643 1082 805 1132 summovet
819 1073 915 1133 Euros

169 1170 299 1228 Pellibus
312 1169 440 1228 inversis
482 1172 640 1247 Peregrina
653 1172 808 1246 ignotaque
822 1174 904 1232 nobis

170 1267 220 1326 Ad
233 1268 326 1328 scelus
338 1275 428 1342 atque
441 1266 530 1340 nefas,
543 1285 723 1342 quaecunque
737 1278 789 1341 est,
802 1288 931 1346 purpura
944 1273 1054 1331 ducit.’'
1072 1267 1135 1332 180Ι

210 1365 285 1424 Haec
298 1365 342 1423 illi
356 1374 466 1424 veteres
478 1375 622 1441 praecepta
635 1365 810 1424 minoribus:
834 1375 865 1424 at
879 1387 957 1425 nunc

170 1465 242 1522 Post
255 1463 342 1522 finem
356 1464 491 1521 autumni
505 1463 600 1520 media
614 1462 650 1520 de
663 1471 748 1520 noete
762 1464 897 1539 supinum

170 1562 324 1622 Clamosus
334 1561 471 1636 juvenem
485 1569 569 1637 pater
582 1561 707 1618 excitat:
733 1565 751 1596 “
760 1561 871 1636 Accipe
886 1580 975 1635 ceras,

171 1659 281 1732 Scribe,
296 1677 376 1734 puer,
391 1660 487 1735 vigila,
504 1675 607 1714 causas
621 1675 682 1733 age,
700 1659 814 1735 perlege
826 1660 931 1716 rubras

170 1755 319 1830 Majorum
332 1755 418 1831 leges,
433 1761 486 1812 aut
499 1755 589 1812 vitem
603 1745 689 1829 pos'ce
702 1755 809 1814 libello.

171 1855 228 1912 Sed
242 1861 331 1928 caput
344 1853 488 1910 intactum
501 1854 582 1910 buxo
595 1869 738 1925 naresque
752 1853 859 1927 pilosas

171 1951 312 2021 Annotet‚
328 1958 357 2008 et
370 1950 491 2026 grandes
504 1950 627 2007 miretur
639 1949 746 2006 Laelius
761 1951 831 2008 alas.

171 2047 264 2108 Dirue
277 2048 451 2105 Maurorum
465 2047 598 2123 attegias,
610 2048 730 2105 castella
742 2049 927 2124 Brigantum,

170 2145 215 2204 Ut
228 2144 401 2221 locupletem
415 2145 543 2218 aquilam
557 2129 613 2202 tibi
627 2145 821 2221 sexagesimus
835 2163 929 2202 annus

171 2243 286 2300 Afferat
295 2251 386 2338 qaut,
401 2242 503 2318 longos
518 2251 677 2300 castrorum
692 2242 766 2299 ferre
780 2242 893 2300 labores
1041 2307 1043 2312 ,
1073 2244 1131 2302 190

172 2340 205 2399 Si
218 2341 306 2416 piget,
322 2347 351 2396 et
364 2339 479 2415 trepida
525 2339 640 2396 solvunt
653 2339 709 2396 tibi
722 2357 832 2396 cornua
844 2346 976 2396 ventrem

172 2436 251 2496 Cum
264 2436 345 2494 lituis
358 2435 469 2508 audita,
484 2453 521 2510 pa
554 2453 577 2508 s,
591 2434 671 2508 quod
683 2434 806 2492 vendere
819 2433 912 2510 possis
961 2488 972 2524 β
1075 2415 1201 2532 iffi

172 2533 270 2590 Pluris
282 2531 412 2603 dimidio,
427 2550 482 2590 nee
495 2540 525 2589 te
538 2528 658 2588 fastidia
670 2533 774 2588 mercis
798 2497 939 2623 ‘lepervl
949 2509 979 2600 Ἰ
989 2507 1005 2544 ⁶³
1014 2511 1046 2540 ὼ
1074 2499 1091 2543 '⁹

172 2630 271 2687 Ullius
284 2631 406 2686 subeant
420 2628 587 2704 ableganda
601 2629 730 2685 Tiberim
744 2629 831 2703 ultra,

171 2716 239 2784 “Neu
253 2725 354 2782 credas
368 2725 533 2800 ponendum
547 2724 658 2798 aliquid
672 2725 846 2784 discriminis
860 2727 937 2785 inter

172 2823 332 2898 Unguenta
344 2830 374 2879 et
387 2821 506 2879 corium.
548 2823 637 2878 Lucri
648 2824 745 2884 ,bonus
758 2832 801 2880 est
815 2823 886 2880 odor
900 2842 937 2880 ex
951 2842 983 2880 re

165 2919 321 2992 Qualibet.
362 2919 422 2977 Illa
435 2927 488 2977 tuo
501 2921 644 2978 sententia
657 2939 770 2996 semper
782 2921 812 2978 in
827 2939 876 2978 ore

173 3019 320 3090 Versetur,
336 3017 392 3074 Dis
404 3025 495 3092 atque
504 3019 568 3093 ipso
580 3020 656 3077 Jove
671 3018 768 3094 digna,
783 3029 893 3095 poetae:

104 3182 110 3192 ,
173 3115 260 3173 Unde
274 3116 388 3186 habeas,
404 3117 509 3190 quaerit
522 3135 623 3174 nemo:
647 3117 698 3173 sed
712 3123 828 3192 oportet
841 3116 974 3174 habere.”

174 3213 241 3270 Hoc
253 3220 417 3270 monstrant
430 3214 534 3298 vetulae
548 3213 646 3288 pueris
659 3214 825 3288 repentibus
838 3177 976 3292 ass-mdis
1066 3209 1067 3212 ’

174 3307 243 3366 Hoc
255 3309 370 3366 discunt
384 3328 483 3371 omnes
496 3319 564 3369 ante
577 3311 666 3387 alpha
680 3319 710 3368 et
724 3313 792 3368 beta
806 3311 917 3386 puellae.
961 3289 967 3317 ’

174 3405 298 3463 Talibus
311 3406 470 3464 instantem
482 3408 600 3470 monitis
613 3425 814 3481 quemcunque
828 3413 978 3482 parentem

175 3503 224 3563 Sic
237 3521 350 3578 possem
363 3503 464 3562 affari:
488 3509 507 3540 “
516 3504 582 3576 Dic,
598 3524 616 3561 o
629 3503 791 3576 vanissime,
808 3505 873 3578 quis
886 3511 915 3561 te

175 3601 325 3659 Festinare
334 3600 441 3673 jubetl
461 3601 608 3658 meliorem
622 3607 728 3676 praesto
741 3603 881 3676 magistro

156 3699 158 3703 ’
175 3697 368 3775 Discipulum.
411 3699 535 3756 Securus
548 3699 612 3756 abi:
635 3696 765 3768 vinceris,
782 3705 816 3754 ut
830 3696 912 3771 Ajax

176 3796 322 3852 Praeteriit
336 3794 532 3866 Telamonem,
547 3801 580 3851 ut
593 3795 683 3851 Pelea
696 3793 765 3851 vicit
779 3794 917 3853 Achilles.
