2672 4350
198 349 239 404 24
505 364 535 404 n.
555 363 643 405 sunu
667 363 855 406 ruvnuinrs.

198 495 231 553 Si
244 495 289 552 vis
303 502 336 552 tu
350 495 420 567 fieri,
434 495 532 576 nullus
545 495 600 553 tibi
615 495 754 570 parvulus
768 495 837 552 aula

197 589 315 647 Luserit
328 591 448 663 AEneas,
463 609 517 648 neo
529 591 590 648 filia
603 589 715 648 dulcior
727 591 796 676 5¹¹⁰?

72 679 76 686 ’
198 688 219 745 J
220 686 366 744 dcundum
379 695 409 744 et
422 704 522 744 carum
535 687 639 745 sterilis
652 685 723 744 facit
737 705 812 744 uxor
825 687 963 744 amicum.

198 783 257 843 Sed
269 791 322 841 tua
333 801 412 840 nuno
424 784 534 860 Migale
546 783 643 860 pariat
655 783 733 856 licet,
747 792 777 842 et
790 800 895 859 pueros
908 791 967 841 tres
1038 838 1040 842 .

198 880 236 938 In
249 881 391 955 gremium
399 880 497 957 patris
509 879 614 938 fundat
628 880 729 937 simul:
751 881 812 955 ipse
825 880 944 955 loquaci

199 976 347 1034 Gaudebit
359 976 445 1045 nido;
466 976 589 1035 viridem
602 977 724 1034 thoraca
733 973 851 1050 jubebit

199 1073 317 1146 Afferri,
331 1063 632 1147 minimasquenuees,
645 1091 796 1148 assemque
808 1080 953 1151 rogatum,

199 1170 249 1238 Ad
263 1187 390 1228 mensam
403 1171 515 1244 quoties
528 1171 673 1246 parasitus
687 1172 799 1231 venerit
812 1170 916 1230 infans.

198 1267 314 1326 Vilibus
326 1268 468 1344 ancipites
479 1267 561 1346 fungi
575 1277 722 1346 ponentur
734 1269 845 1342 amicis,

199 1364 321 1423 Boletus
335 1353 470 1434 domin03
491 1366 541 1424 sed
554 1369 655 1442 quales
668 1367 810 1428 Claudius
821 1367 882 1425 edit

199 1461 280 1518 Ante
293 1462 376 1519 illum
390 1463 497 1536 uxoris,
510 1472 576 1538 post
590 1483 677 1538 quem
690 1464 732 1522 nil
747 1463 871 1538 amplius
884 1462 952 1520 edit.

239 1559 329 1617 Virro
342 1560 397 1618 sibi
411 1567 440 1617 et
453 1561 570 1635 reliquis
583 1561 759 1619 Virronibus
773 1559 826 1617 illa
836 1559 950 1634 jubebit

199 1658 294 1713 Poma
307 1657 379 1730 dari,
394 1675 518 1731 quorum
532 1657 595 1716 solo
608 1656 737 1733 pascaris
752 1657 853 1714 odore:

200 1753 309 1826 Qualia
321 1762 477 1830 perpetuus
489 1755 647 1812 Phaeacum
661 1761 821 1812 autumnus
832 1753 967 1825 habebat,

200 1850 324 1910 Credere
337 1869 402 1925 quae
415 1851 507 1926 possis
520 1860 651 1929 surrepta
664 1851 809 1910 sororibus
822 1849 920 1909 Afris:

199 1949 247 2006 Tu
260 1949 356 2007 scabie
368 1946 473 2008 frueris
485 1950 565 2023 mali,
580 1949 659 2024 quod
672 1949 820 2026 inaggere
833 1951 920 2021 rodit,

200 2045 260 2118 Qui
273 2045 383 2122 tegitur
395 2065 498 2122 parma
511 2054 541 2105 et
554 2047 647 2124 galea,
660 2055 849 2121 metuensque
862 2046 969 2123 flagelli

199 2142 295 2201 Discit
308 2144 346 2201 ab
359 2145 472 2202 hirsuta
480 2143 615 2218 jaculum
628 2152 763 2218 torquere
777 2143 895 2219 capella.

241 2240 377 2298 Forsitan
390 2240 528 2316 impensae
542 2242 698 2300 Virronem
711 2257 828 2316 parcere
842 2239 949 2297 credas.

200 2337 268 2394 Hoc
280 2337 351 2412 agit,
367 2345 401 2395 ut
415 2337 531 2395 doleas:
553 2355 622 2394 uam
636 2355 702 2410 quae
717 2336 866 2406 comoedia,
882 2335 988 2391 mimus

200 2432 275 2504 Quis
289 2434 391 2491 melior
404 2433 538 2508 plorante
551 2433 639 2508 gula?
682 2433 762 2506 Ergo
775 2432 874 2489 omnia
886 2431 971 2502 fiunt,

200 2530 234 2590 Si
247 2530 348 2603 nescis,
363 2539 398 2588 ut
410 2549 463 2607 per
475 2531 612 2588 lacrimas
625 2529 771 2586 effundere
784 2529 871 2586 bilem

201 2625 329 2702 Cogeris,
344 2644 499 2701 pressoque
511 2627 563 2684 diu
576 2625 694 2686 stridere
707 2625 819 2683 molari.

199 2723 248 2780 Tu
261 2723 316 2781 tibi
329 2723 402 2781 liber
413 2725 502 2782 homo
515 2731 545 2780 et
558 2724 633 2798 regis
648 2723 771 2780 conviva
784 2721 906 2780 videris:

202 2820 330 2895 Captum
343 2827 373 2877 te
385 2821 485 2878 nidore
499 2839 557 2878 suae
571 2827 657 2897 putat
670 2819 721 2876 ille
735 2820 856 2877 culinae:

200 2917 264 2976 Nec
276 2918 352 2976 male
366 2916 516 2992 conjectat.
559 2919 633 2990 Quis
646 2918 724 2975 enim
739 2925 800 2974 tam
813 2917 916 2987 nudus
933 2901 1066 2972 utillum

200 3014 253 3074 Bis
264 3013 348 3088 ferat,
360 3015 517 3073 Etruscum
531 3033 622 3091 puero
637 3015 661 3072 si
676 3013 798 3088 contigit
810 3031 924 3083 aurum,

201 3112 258 3170 Vel
270 3111 363 3170 nodus
376 3119 491 3170 tantum
505 3119 534 3169 et
548 3113 661 3188 signum
675 3113 711 3168 de
724 3127 852 3186 paupere
865 3108 948 3165 lorol

201 3208 273 3282 Spes
286 3209 358 3266 bene
373 3209 506 3267 coenandi
520 3227 572 3266 vos
586 3208 702 3283 decipit.
717 3197 727 3216 ⁰
746 3211 764 3242 “
772 3207 857 3276 Ecce,
872 3203 954 3260 dabit
962 3201 1027 3276 jam

201 3304 351 3362 Semesum
363 3304 490 3380 leporem
504 3312 593 3377 atque
607 3303 718 3376 aliquid
732 3302 767 3359 de
781 3302 913 3359 clunibus
926 3299 1007 3374 apri:

201 3401 252 3458 Ad
264 3419 317 3459 nos
326 3400 391 3477 jam
403 3402 501 3460 veniet
513 3402 610 3458 minor
623 3400 742 3458 altilis.’'
784 3397 857 3454 Inde
869 3403 973 3471 parato

201 3497 377 3573 Intactoque
390 3515 489 3556 omnes
503 3505 532 3554 et
545 3497 647 3555 stricto
660 3512 736 3571 pane
750 3495 859 3551 tacetis.

201 3595 257 3653 Ille
271 3597 355 3670 sapit,
371 3595 422 3668 qui
436 3603 466 3653 te
479 3595 521 3652 sic
533 3594 637 3650 utitur.
679 3591 787 3652 Omnia
799 3589 875 3647 ferre
1098 3587 1156 3648 170
1252 3591 1254 3598 ’

203 3691 236 3750 Si
249 3700 340 3766 potes,
355 3698 385 3748 et
397 3691 490 3748 debes
531 3689 711 3750 Pulsandum
724 3688 832 3745 vertice
844 3705 910 3744 raso

202 3789 349 3846 Praebebis
361 3788 533 3861 quaudoque
546 3794 642 3861 caput,
658 3803 711 3842 nec
724 3785 798 3842 dura
811 3784 927 3842 timebis

204 3881 313 3954 Flagra
326 3884 397 3956 pati,
411 3882 458 3938 his
470 3882 562 3954 epulis
576 3888 606 3936 et
620 3880 674 3937 tali
688 3880 792 3954 dignus
806 3880 908 3938 amico.
