2702 4354
571 425 688 468 SATIRA
709 426 783 468 1111.

200 558 296 631 Nune,
312 559 336 616 si
351 557 512 634 depositum
526 575 586 616 non
598 559 739 617 infitietur
752 559 871 630 amicus,

201 658 233 715 si
247 657 349 714 reddat
361 664 487 712 veterem
501 673 568 713 cum
581 663 646 712 tota
659 657 787 732 aerugiue
800 654 907 729 follem,

199 754 369 829 Prodigiosa
381 751 451 809 fides
465 759 495 809 et
508 751 611 809 Tuscis
626 752 714 828 digna
727 753 839 826 libellis,

200 851 330 924 Quaeque
343 855 482 908 coronata
493 848 611 907 lustrari
624 848 728 908 debeat
741 853 856 927 ugnuss

199 948 357 1024 Egregium
371 953 561 1020 sanctumque
574 947 671 1005 virum
685 949 709 1006 si
724 967 817 1020 cerno,
833 947 986 1008 bimembri

199 1046 266 1102 Hoc
278 1051 442 1102 monstrum
456 1061 546 1119 puero
559 1052 612 1101 aut
626 1044 746 1104 miranti
759 1048 813 1104 sub
826 1053 925 1104 aratro
1006 1108 1021 1135 ο

198 1143 332 1200 Piscibus
345 1141 471 1198 inventis
485 1149 514 1199 et
527 1138 593 1198 fetae
608 1159 744 1218 comparo
757 1144 854 1215 mulae,

200 1240 356 1310 Sollicitus,
373 1247 514 1312 tanquam
528 1238 644 1314 lapides
653 1238 786 1299 effuderit
799 1241 902 1312 imber,

198 1337 391 1410 Examenque
404 1337 504 1412 apium
517 1336 604 1411 longa
618 1336 779 1394 consederit
793 1355 851 1394 uva

200 1433 336 1492 Culmiue
348 1433 470 1505 delubri,
486 1440 627 1506 tauquam
642 1432 675 1488 in
688 1450 769 1490 marc
782 1434 899 1490 fluxerit
912 1434 1007 1492 amnia

200 1531 373 1607 Gurgitibus
386 1529 469 1588 miris
486 1538 516 1588 et
530 1529 614 1589 lactis
628 1529 740 1588 vortice
754 1539 875 1590 torrens.
1119 1530 1158 1591 70

239 1629 404 1704 Intercepta
417 1627 516 1686 denam
529 1628 658 1701 quereris
671 1629 804 1689 sestertia
817 1625 920 1710 fraude

200 1727 366 1803 mauregar
409 1705 585 1797 euresius
599 1733 716 1786 eentum
729 1726 855 1802 perdidit
868 1725 943 1783 alter

200 1824 267 1882 Hoc
281 1841 388 1882 arcana
400 1823 506 1880 modat
526 1822 667 1897 majorem
680 1825 784 1884 tertius
797 1823 851 1882 illa

201 1922 361 1992 Summam,
376 1938 465 1993 quam
478 1921 586 1994 patulae
597 1921 650 1980 vix
663 1929 778 1996 ceperat
791 1922 915 1998 angulus
926 1923 1022 1980 arcaei

200 2019 277 2076 Tam
290 2016 376 2074 facile
389 2023 419 2074 et
432 2035 555 2092 pronum
569 2023 612 2074 est
625 2033 744 2093 superos
757 2027 939 2076 contemnere
952 2027 1048 2091 testes,

202 2115 234 2175 Si
248 2115 379 2172 mortalis
393 2114 470 2172 idem
484 2130 569 2170 neme
584 2114 675 2171 sciat!
718 2115 835 2190 Aspice,
847 2125 959 2189 quanta

199 2215 280 2272 Voce
293 2220 395 2290 neget3
416 2229 483 2286 quae
496 2211 535 2270 eit
547 2211 609 2270 fieti
623 2213 789 2270 constantia
801 2213 910 2270 vultus.

200 2314 258 2369 Per
271 2311 341 2370 solis
353 2311 450 2370 radice
462 2307 647 2386 Tarpeiaque
659 2307 785 2368 fulmina
792 2309 885 2384 jurat,

200 2409 242 2466 Et
255 2409 362 2470 Martis
376 2406 517 2468 fiameam
529 2415 560 2466 et
574 2407 699 2467 Cirrhaei
712 2407 824 2486 spicula
837 2409 922 2482 vatis,

200 2508 258 2563 Per
272 2506 398 2565 calamos
412 2505 567 2566 venatricis
581 2505 808 2582 pharetramque
822 2507 935 2584 puella,
1120 2507 1160 2567 80

200 2604 314 2678 Perque
326 2612 419 2677 tuum,
434 2611 519 2678 pater
530 2603 628 2679 AEgaei
641 2603 789 2679 Neptune,
803 2607 976 2666 tridentem:

201 2699 295 2758 Addit
308 2708 337 2758 et
350 2700 510 2759 Herculeos
524 2717 611 2759 arcus
625 2701 798 2776 hastamque
811 2703 962 2777 Minerva,
1068 2762 1073 2769 ,

201 2795 351 2872 Quidquid
363 2798 473 2856 hebent
486 2798 611 2856 telorum
625 2800 853 2858 armamentaria
865 2800 939 2859 ooeli.

202 2896 235 2956 Si
247 2913 317 2954 vero
329 2902 360 2952 et
372 2902 456 2970 pater
468 2903 521 2966 est,
539 2899 557 2929 “
565 2893 751 2968 Comedam‚’'
764 2896 869 2970 inquit,
882 2899 901 2932 “
909 2896 1004 2954 flebile
1016 2895 1080 2955 uati

202 2975 337 3068 Sinciput
350 2990 421 3048 elixi
433 2991 601 3064 Pharioque
614 2991 759 3050 madentis
772 2994 880 3050 aceto?

204 3111 219 3148 a
242 3089 319 3148 Sunt
332 3087 363 3145 iu
376 3088 517 3146 Fortunae
530 3088 581 3162 qui
595 3089 709 3151 casibus
724 3088 825 3146 omnia
838 3094 961 3163 ponunt,

201 3187 244 3249 Et
256 3185 339 3244 nullo
352 3185 474 3244 eredunt
488 3185 630 3244 mundum
639 3193 755 3244 rectore
768 3184 887 3257 moveri,

121 3331 122 3334 η
202 3284 317 3346 Natura
329 3285 464 3343 volvente
477 3284 555 3343 vices
568 3290 604 3342 et.
612 3281 686 3342 lucis
701 3291 731 3341 et
744 3282 822 3354 anni,

204 3382 303 3458 Atque
315 3383 382 3441 ideo
394 3383 531 3459 intrepidi
545 3397 726 3458 quaecuuque
739 3382 846 3442 altaria
858 3387 993 3458 tangrmt.

113 3537 120 3550 ‚
204 3479 258 3539 Est
271 3481 347 3540 alius
360 3490 500 3555 metuens,
514 3499 551 3539 ne
565 3481 672 3540 crimen
685 3497 774 3556 poena
786 3488 942 3556 sequatur:
1121 3483 1162 3540 90

204 3579 263 3637 Hic
276 3589 363 3658 putat
376 3599 436 3640 eese
449 3581 529 3638 Deos
542 3587 573 3638 et
586 3577 707 3655 pejerat,
719 3587 807 3654 atque
820 3579 864 3637 ita
876 3589 991 3640 smum:

206 3678 386 3750 “Decernat
402 3677 603 3751 quodcumque
615 3675 703 3748 uolet,
718 3675 754 3734 de
767 3693 886 3752 corpore
898 3683 1000 3734 nostro

205 3773 268 3847 Isis,
283 3783 312 3834 et
325 3777 401 3834 irato
414 3773 500 3832 feriat
512 3792 577 3842 mea
591 3773 704 3830 lumina
718 3773 813 3844 sistro,

205 3870 373 3934 Dummodo
386 3870 432 3927 vel
445 3878 673 3940 monetaneum,
688 3885 761 3941 quos
773 3867 893 3940 abnego,
908 3871 1079 3930 nummosi(
