2654 4348
552 365 669 406 ss'rlna
691 363 723 403 Χ.

160 497 257 570 Quem
269 503 361 574 pater,
376 495 503 555 ardentis
516 513 618 554 massa
631 494 752 574 iuligine
764 498 871 576 lippus,

159 591 192 650 A
205 595 328 652 carbone
342 602 371 650 et
384 593 541 669 forcipibus
555 593 859 670 gladiosqneparaute

160 689 269 748 Inoude
281 699 312 748 et
325 691 404 750 luteo
414 692 547 750 Vulcano
561 691 599 748 ad
611 691 730 749 rhetora
742 693 829 749 misit

91 789 97 798 '
200 786 349 845 Bellorum
363 787 484 860 exuvias,
498 789 610 845 truncis
623 788 713 846 affixa
725 789 841 864 tropacis

159 881 273 954 Lorica,
288 891 318 940 et
330 882 424 940 fracta
436 882 473 938 de
485 883 595 940 casside
608 883 733 942 buccula
746 884 881 960 pendens,

160 979 202 1036 Et
214 988 331 1037 curtum
344 987 459 1037 temone
467 977 582 1056 jugum,
596 980 738 1054 victaeque
750 967 877 1040 triremis

160 1077 310 1152 Aplustre,
325 1085 356 1134 et
369 1094 483 1134 summo
496 1077 591 1134 tristis
603 1077 736 1152 captivus
748 1079 779 1135 in
793 1095 872 1151 arcu,

161 1173 308 1230 Humanis
321 1171 529 1253 majora-bonis
541 1172 716 1231 creduntur:
738 1175 778 1232 ad
790 1176 845 1232 hoc
857 1193 895 1232 se

157 1273 312 1328 Romanus
325 1269 493 1344 Graiusque
506 1287 544 1328 ao
554 1270 696 1327 barbarus
709 1271 896 1348 induperator

160 1366 279 1425 Erexit:
301 1383 405 1426 causas
418 1367 593 1426 discriminis
606 1374 695 1440 atque
707 1367 815 1426 laboris

161 1463 234 1521 Inde
248 1461 393 1539 habuit><
401 1464 500 1522 Tanto
512 1461 608 1538 major
620 1461 784 1528 iamaesitis
797 1473 850 1538 est,
865 1483 954 1540 quam
1060 1467 1119 1527 140

160 1559 297 1619 Virtutis
339 1561 414 1635 Quis
426 1562 504 1620 enim
517 1562 657 1620 virtutem
671 1561 985 1638 amplectitur‘ipsam,'

159 1659 287 1717 Praenna
299 1658 325 1716 si
338 1659 445 1717 tollas?
485 1659 621 1718 ¹Patriam
634 1667 733 1717 tamen
747 1660 846 1718 obruit
859 1660 931 1718 olim

161 1754 267 1814 Gloria
279 1773 446 1832 paucorum,
458 1763 488 1813 et
501 1756 596 1814 laudis
609 1756 747 1832 titulique
760 1757 865 1834 cupido

160 1852 277 1911 Haesuri
290 1853 370 1911 saxis
382 1853 512 1910 cinerum
526 1853 704 1926 custodibus,
719 1853 757 1912 ad
770 1873 835 1930 qua

159 1948 351 2052 Discutiepda
363 1949 463 2006 valent
475 1950 582 2008 sterilis
686 1951 791 2018 robora
804 1954 891 2010 ficus:
928 2005 961 2048 μ

160 2045 404 2120 Quandoquidem
417 2013 571 2104 ddtusunt
580 2047 592 2076 '⁸
629 2047 637 2061 ⁰
666 2064 781 2121 quoqne
792 2029 857 2106 iaia
868 2049 1015 2125 sepulcris.

159 2145 302 2222 Expende
315 2143 532 2212 Hannibalem
549 2151 622 2218 quot
635 2143 725 2201 libras
737 2146 769 2201 iu
782 2145 853 2202 duca
867 2164 982 2204 summo

159 2243 313 2324 Inveniesi
334 2242 382 2302 hic
394 2249 439 2300 est
452 2259 540 2316 quem
553 2259 613 2300 non
627 2241 707 2331 capit
719 2237 824 2299 Airita
836 2211 959 2300 Mluro'

159 2325 300 2398 Percuisa
314 2317 430 2410 Omine
441 2338 573 2414 'Niloque
585 2312 707 2396 adflicta
720 2327 841 2416 topiarii,

159 2439 271 2496 Rursus
285 2438 323 2495 ad
331 2437 513 2514 'AEthiopum
526 2437 650 2514 populos
663 2437 795 2514 altosque
808 2436 987 2512 elephantos.
1059 2439 1134 2522 15Ql

94 2533 97 2538 ’
159 2535 289 2594 Additur
301 2535 429 2610 imperiis
442 2535 803 2611 HispaniaaPyreuaeum
853 2600 856 2605 ,

159 2631 309 2704 Transilit.
351 2631 496 2708 Opposuit
508 2637 615 2690 natura
627 2631 794 2708 Alpemque
807 2631 978 2708 nivemqua:

159 2729 279 2788 Diducit
292 2729 424 2806 scopulos
437 2735 466 2787 ot
476 2737 610 2788 ,montem
624 2729 734 2806 rumpit
742 2737 838 2788 aceto.
886 2805 889 2810 Ι

159 2827 228 2886 Jam
241 2833 320 2900 tenet
333 2826 468 2887 Italiam:
492 2834 591 2886 tamen
605 2827 686 2884 ultra
694 2843 814 2902 pergere
827 2826 938 2884 tendit:

15 2921 35 2950 ⁸
160 2925 327 2996 “Actum”
342 2924 448 2998 iuquit,
465 2928 485 2960 “
494 2923 567 2981 nihil
585 2931 639 2994 est,
654 2923 710 2980 nisi
722 2925 817 2980 Poeno
830 2922 924 2980 milite
936 2931 1042 2999 portas·
1063 2971 1065 2976 ,

158 3021 334 3098 Frangimus
348 3019 488 3078 et'media
500 3020 642 3090 vexillum
656 3038 734 3096 pono
747 3020 888 3078 Subura.”
917 3023 919 3028 '
989 3044 1021 3090 φ

158 3121 199 3195 (0
213 3119 309 3196 qualis
321 3114 411 3178 iacies
423 3126 453 3176 et
466 3117 547 3194 quali
562 3117 650 3192 digna
664 3116 780 3188 tabella,

159 3220 259 3292 Quum
270 3215 390 3276 Gaetula
402 3215 504 3274 ducem
518 3221 647 3292 portaret
661 3214 758 3274 bellua
771 3212 884 3272 luscum
892 3211 915 3285 i)

158 3315 347 3392 nsrusergo
360 3315 503 3390 quaest?
545 3299 697 3390 ogro'rrar
722 3311 938 3372 vestarium

158 3413 271 3490 Nempe
283 3423 313 3474 et
326 3415 356 3472 in
370 3414 507 3474 exsilium
520 3429 646 3491 praeceps
659 3411 741 3490 fugit,
756 3421 845 3488 atque
858 3410 900 3472 ibi
913 3429 1034 3490 magnus
1055 3414 1115 3474 160

158 3511 365 3587 Mirandusque
379 3513 468 3572 cliens
481 3513 562 3572 sedet
573 3513 612 3571 ad
625 3512 761 3588 praeton’a
773 3512 856 3588 regis

159 3608 261 3676 Donec
273 3611 403 3688 Bithyno
416 3612 505 3670 libant
517 3611 637 3687 vigilare
652 3618 788 3686 tyranno.¹
809 3641 813 3648 =·

159 3705 264 3765 Finem
277 3709 390 3780 animae,
406 3727 472 3784 quae
484 3725 529 3766 res
543 3709 685 3766 humanas
697 3707 817 3766 miscuit
830 3705 910 3779 olim,

159 3803 227 3862 Non
240 3803 340 3880 gladii,
355 3825 414 3867 non
426 3823 500 3864 saxa
510 3806 631 3878 dabunt,
645 3823 699 3862 nec
712 3805 791 3870 tala3
812 3803 863 3860 sed
876 3803 926 3858 ille
