2702 4354
625 353 741 396 sauma
762 354 808 396 x1.

240 485 359 544 Sumine
374 505 440 560 cum
455 505 561 563 magno
573 487 663 564 lepus,
674 467 761 559 atque
776 504 854 561 aper,
868 493 897 542 et
910 502 1064 561 pygargus,

240 583 280 640 Et
293 584 438 660 Scythica
451 585 592 657 volucres
607 593 637 642 et
649 585 887 659 phoenicopterus
899 583 1007 660 ingens,

239 683 280 740 Et
294 683 428 740 Gaetulus
440 701 516 758 om
529 682 625 741 hebeti
638 681 800 740 lautissima
812 681 888 739 ferro

241 777 378 852 Caeditur,
394 789 424 838 et
437 788 502 838 tote
515 787 598 838 sonat
612 780 710 838 ulmea
723 798 806 838 coena
819 779 943 838 Subura.
1135 781 1193 838 140

239 878 302 935 Nec
314 877 438 936 frustum
452 895 562 954 capreae
576 879 742 951 subducere,
756 895 810 935 nee
822 877 901 934 latus
915 875 998 934 Aliae

238 973 330 1032 Novit
343 975 406 1032 avis
419 983 516 1033 noster
528 976 698 1046 tirunculus,
713 993 749 1032 ac
761 975 842 1032 rudis
854 976 934 1032 omni

239 1071 392 1146 Tempore,
407 1081 436 1130 et
449 1072 562 1148 exiguae
575 1071 661 1129 furtis
673 1072 803 1130 imbutus
815 1070 916 1130 ofellae.

236 1170 371 1226 Plebeios
385 1171 487 1227 calices
500 1178 530 1226 et
543 1171 643 1245 p'aucis
656 1171 767 1228 assibus
780 1179 871 1228 emtus

239 1268 372 1342 Porriget
385 1268 511 1338 incultus
527 1285 600 1343 puer
612 1277 698 1341 atquo
712 1285 731 1324 a
742 1264 849 1343 frigore
862 1275 961 1336 tutus3

238 1364 307 1420 Non
320 1365 422 1440 Phryx
435 1374 488 1423 aut
500 1366 617 1441 Lycius
631 1383 691 1422 non
705 1383 724 1421 a
738 1382 880 1440 mangone
893 1365 1000 1441 potitus

240 1462 401 1535 Quisquam
416 1463 488 1531 erit;
502 1462 535 1519 in
548 1477 655 1537 magno
668 1479 760 1534 quum
773 1476 881 1536 posces,
896 1477 982 1534 posco
995 1460 1106 1516 Iatins

239 1558 319 1614 Idem
333 1559 449 1618 habitus
462 1559 583 1630 cunctis,
598 1558 674 1616 tonsi
687 1558 815 1631 rectique
828 1555 937 1632 capilli,

189 1641 192 1648 ¹
239 1649 339 1728 Atq'ne
352 1657 437 1713 hodie
452 1663 567 1714 tantum
581 1663 699 1732 propter
712 1653 847 1712 convivia
860 1653 937 1729 pexi.

239 1751 368 1809 Pastoris
383 1751 448 1809 duri
462 1753 567 1811 estbic
580 1753 664 1826 filius,
678 1752 728 1809 ille
742 1751 877 1810 bubulci:
1099 1810 1102 1814 Δ
1136 1750 1195 1808 150

200 1899 203 1904 .
239 1833 374 1923 Suspirat
386 1848 473 1924 longo
486 1868 545 1907 non
557 1851 649 1906 visam
663 1856 791 1924 tempore
806 1855 937 1920 matrem,

238 1946 279 2001 Et
293 1945 431 2016 casulam,
446 1954 475 2002 et
487 1953 572 2002 notos
585 1945 676 2002 tristis
689 1945 832 2002 desiderat
846 1945 951 2019 haedos,

239 2042 365 2116 Ingenui
378 2040 477 2099 vultus
490 2059 562 2116 puer
574 2042 747 2117 ingenuique
761 2042 888 2117 pudoris,

239 2139 349 2210 Quales
362 2156 423 2197 cese
436 2138 526 2211 decet,
541 2156 614 2212 quos
626 2137 729 2195 ardens
742 2157 871 2215 purpura
883 2138 977 2196 vestit.

240 2236 301 2294 Hic
313 2236 369 2294 tibi
382 2237 451 2294 vina
463 2236 554 2309 dabit,
570 2234 676 2298 diffusa
688 2235 719 2292 in
732 2235 881 2292 montibus
893 2235 962 2308 illie,

240 2334 271 2391 A
284 2334 389 2408 quibus
401 2334 463 2410 ipse
476 2333 564 2405 venit,
579 2350 704 2406 quorum
718 2335 774 2390 sub
786 2332 894 2390 vertice
908 2332 996 2390 lusit:

240 2430 374 2504 Namque
387 2449 446 2488 una
459 2439 547 2503 atque
561 2431 661 2488 cadem
674 2438 717 2488 est
730 2429 793 2488 vini
805 2431 902 2505 patria
918 2439 1007 2506 atque
1020 2431 1155 2490 ministri.

240 2525 348 2585 Nostra
361 2527 471 2585 dabunt
485 2527 593 2584 multos
606 2527 691 2585 hodic
704 2528 838 2586 convivia
851 2526 953 2586 ludos:

241 2624 382 2683 Conditor
395 2625 504 2682 Iliados
516 2623 690 2698 cantabitur,
705 2632 795 2699 atque
808 2624 941 2683 Maronis

241 2721 369 2780 Altisoni
383 2723 503 2780 dubiam
516 2720 653 2780 facientia
666 2724 798 2781 carmina
810 2724 946 2799 palmam.
1137 2724 1196 2782 160
1306 2729 1314 2744 “

241 2819 320 2891 Quid
333 2817 429 2898 refert,
444 2819 518 2876 tales
531 2837 628 2877 versus
642 2837 701 2893 qua
714 2837 784 2877 voce
797 2819 949 2896 legantur?

180 2957 184 2962 -
283 2916 341 2974 Sed
353 2933 431 2972 nuuc
444 2915 541 2972 dilatis
556 2924 653 2973 averte
666 2917 783 2996 negotia
800 2919 884 2989 curis,

243 3013 285 3070 Et
298 3005 413 3088 gratam
426 3011 554 3084 requiem
569 3012 645 3070 dona
658 3013 853 3088 tibi,‚quand0
866 3015 966 3072 licebit

241 3113 301 3168 Per
314 3118 409 3168 totam
423 3127 533 3168 cessare
545 3109 638 3167 diem:
661 3130 720 3168 non
733 3109 839 3168 fenoris
853 3087 915 3168 ulia

242 3209 365 3267 Montio.

243 3307 380 3364 Protinus
394 3313 463 3364 ante
477 3281 582 3378 mcuin,
599 3306 741 3381 quidquid
754 3306 841 3380 dolet,
858 3325 930 3366 exue
943 3308 1046 3370 limen:

242 3405 324 3462 Pone
337 3407 456 3462 domum
470 3412 500 3462 et
514 3422 610 3463 servos
625 3412 654 3463 et
667 3405 807 3479 quidquid
820 3403 963 3482 frangitur
976 3408 1034 3468 illis

243 3500 308 3558 Aut
321 3502 413 3576 perit:
436 3502 568 3576 ingratos
582 3510 650 3559 ante
664 3503 762 3562 omnia
776 3520 849 3577 ponc
863 3505 982 3562 sodales.

285 3598 401 3655 Interea
414 3599 615 3674 Megalesiacae
628 3600 793 3675 spectacula
806 3619 927 3676 mappae,

244 3694 355 3752 Idaeum
369 3695 515 3766 sollemne,
531 3696 638 3767 colunt,
655 3675 815 3770 similisque
828 3697 977 3772 triumpho
1139 3695 1197 3755 170

246 3791 350 3848 Praeda
363 3792 538 3849 caballorum
552 3800 658 3867 praetor
672 3792 751 3848 sedet
765 3809 809 3862 ac,
824 3793 895 3848 mihi
909 3810 980 3866 paco
