2672 4350
172 315 214 374 80
479 334 511 376 n.
530 332 619 376 suun
642 331 819 376 ruvnuanis
852 399 855 406 Ι

210 462 294 520 Inter
306 462 444 520 finitimos
458 450 541 521 uetus
554 470 643 537 atque
657 465 779 538 antiqua
792 464 935 537 simultas,

170 559 340 616 Immortale
354 561 454 616 odium
467 566 497 616 et
509 578 659 634 nunquam
672 561 801 618 sanabile
815 562 922 620 vulnus

170 654 266 713 Ardet
279 656 382 727 adbuc,
395 655 506 714 Ombos
520 663 549 713 et
561 656 699 732 Tentyra
744 657 882 716 Summus
896 659 1033 735 utrinque

171 752 243 810 Inde
255 748 335 809 furor
348 751 444 828 vulgo,
456 752 536 825 quod
548 753 674 810 numina
683 753 846 811 vicinorum

171 849 244 910 Odit
258 857 379 923 uterque
393 849 495 922 locus,·
498 868 590 926 quum
603 851 680 908 solos
694 850 793 908 credat
805 852 953 914 habendos

170 946 242 1003 Esse
254 946 344 1020 Deos,
358 963 432 1020 qnos
445 946 507 1022 ipse
520 947 600 1006 oolit.
642 947 700 1006 Sed
713 953 843 1026 tempore
856 947 929 1010 festo

171 1044 302 1103 Alterius
315 1044 415 1121 populi
429 1045 568 1122 rapienda
582 1044 694 1104 occasio
708 1047 822 1116 eunetis

170 1141 244 1199 Visa
256 1141 443 1200 inimicorum
455 1132 630 1218 primoribus
643 1162 678 1202 ac
692 1143 822 1219 ducibus,
835 1164 874 1204 ne
916 1161 919 1166 '
1090 1148 1129 1206 40

170 1239 286 1298 latum
299 1240 480 1316 hilaremque
493 1241 580 1313 diem,
594 1259 631 1298 ne
645 1261 758 1318 magnae
771 1244 879 1319 gaudia
892 1263 982 1304 coena

172 1337 329 1411 Sentirent,
344 1340 446 1415 positis
462 1337 500 1396 ad
512 1339 623 1416 templa
636 1347 666 1397 et
680 1341 809 1417 compita
821 1341 927 1400 mensis

170 1434 366 1512 Pervigilique
379 1443 453 1510 toro,
467 1455 554 1510 quem
567 1444 653 1495 noete
666 1456 701 1496 ac
714 1438 779 1496 luce
787 1436 933 1512 jacentem

171 1531 319 1608 Septimus
333 1533 480 1591 interdum
494 1526 538 1590 sbl
552 1533 672 1591 invenit.
713 1534 843 1593 Horrida
856 1551 925 1593 eane

170 1631 336 1708 AEgyptus3
357 1631 407 1690 sed
420 1630 707 1704 luxuria„quantum
721 1632 783 1707 ipse
796 1631 906 1704 notavi,

108 1771 111 1776 .
170 1728 303 1786 Barbara
315 1726 426 1786 famoso
439 1745 498 1784 non
511 1727 587 1784 cedit
600 1728 688 1786 turba
698 1726 832 1804 Canopo.
854 1765 857 1770 ,

170 1824 266 1897 Adde,
282 1825 359 1899 quod
373 1831 402 1882 et
415 1821 510 1881 facilis
521 1823 646 1881 victoria
659 1823 694 1882 de
707 1823 832 1882 madidis
844 1832 875 1883 et

170 1921 273 1978 Blaesia
287 1927 375 1995 atque
388 1937 468 1978 mero
481 1919 685 1978 titubantibus.
728 1920 801 1980 Inde
814 1921 945 1982 virorum

171 2017 302 2078 Saltatus
315 2017 399 2094 nigro
412 2017 540 2092 tibicine,
554 2017 769 2093 qualiacunque

171 2114 329 2192 Unguenta
343 2123 372 2173 et
386 2116 469 2174 flores
483 2116 642 2189 mult'aeque
655 2116 687 2173 in
699 2113 796 2174 fronte
809 2134 938 2175 ooronae:
1091 2115 1131 2175 50

146 2231 150 2242 ’
171 2212 251 2274 Hine
259 2211 394 2288 jejunum
408 2211 516 2272 odium.
558 2211 616 2272 Sed
625 2210 724 2288 jurgia
736 2214 833 2288 prima
845 2217 947 2271 sonare

171 2310 321 2387 Incipiunt
334 2311 438 2370 animis
451 2310 635 2368 ardentibus:
657 2310 719 2367 baec
733 2310 806 2368 tuba
818 2311 899 2368 rixae.

171 2407 250 2468 Dein
264 2409 388 2467 elamore
401 2409 466 2483 pari
481 2407 671 2479 concurritur,
686 2413 716 2464 et
729 2407 795 2465 vioe
808 2407 860 2464 teli

172 2504 264 2564 Saevit
277 2504 357 2562 nuda
369 2521 490 2562 manus:
512 2521 612 2578 paucae
625 2502 686 2561 sine
701 2503 820 2572 vulnere
833 2503 938 2572 malae3

170 2601 234 2660 Vix
247 2601 382 2676 cuiquam
396 2609 448 2658 aut
462 2600 537 2658 nulli
549 2606 614 2658 toto
628 2583 787 2658 certamine
800 2619 889 2660 nasus

171 2698 296 2773 Integer.
339 2695 515 2773 Aspieeres
501 2715 566 2772 Jam
579 2704 686 2754 cuneta
699 2714 752 2773 per
765 2698 884 2774 agmina
896 2698 996 2759 vultus

171 2795 326 2868 Dimidios,
341 2795 413 2854 alias
426 2789 513 2852 facies
527 2802 556 2852 et
570 2793 684 2866 hiantia
697 2796 793 2884 ruptis

173 2879 248 2955 Ossa
260 2895 349 2971 genis,
364 2894 464 2970 plenos
476 2892 627 2952 oculorum
641 2892 781 2970 sanguine
793 2911 915 2972 pugnos.

172 2991 286 3050 Ludere
300 3009 330 3050 ee
343 2990 484 3050 eredunt
475 2991 533 3065 ipsi
546 2998 645 3049 tamen
660 2998 689 3048 et
704 2991 830 3067 pueriles

172 3089 316 3148 Exercero
329 3089 415 3162 acies,
430 3088 509 3162 quod
521 3088 604 3146 nulla
618 3089 762 3147 cadavera
775 3089 903 3148 calcent:
1090 3090 1130 3148 60

173 3187 215 3246 Et
229 3205 299 3245 sane
312 3204 369 3261 quo
383 3193 427 3244 tot
441 3183 565 3256 rixantis
577 3186 671 3256 millia
684 3189 787 3260 turbae,

174 3283 207 3345 Si
220 3284 325 3342 vivunt
339 3285 469 3342 omnesl-
499 3283 688 3360 Ergoacrior
700 3284 836 3360 impetus,
851 3282 952 3358 etjam

174 3381 256 3441 Saxa
268 3381 414 3440 inclinatis
427 3399 479 3458 per
491 3381 615 3439 humum
629 3381 755 3454 quaesita
764 3381 879 3462 lacertis
931 3395 935 3400 ’

174 3477 325 3553 Incipiunt
338 3485 481 3553 torquere,
496 3465 655 3535 domestica
668 3477 803 3535 seditioni

173 3575 262 3642 Tela3
284 3593 338 3632 nec
351 3575 429 3634 hune
442 3575 575 3650 lapidem,
591 3574 691 3647 quales
703 3581 732 3630 et
742 3574 860 3630 Turnus
874 3578 903 3650 et
916 3569 1008 3647 Ajax,

174 3671 231 3730 Vel
245 3689 303 3745 quo
316 3671 442 3747 Tydides
455 3670 596 3748 percussit
609 3671 734 3745 pondere
748 3687 852 3727 coxam

174 3771 295 3838 AEneae3
316 3769 367 3828 sed
379 3788 465 3845 quem
478 3768 597 3828 valeant
610 3767 741 3825 emittere
754 3768 863 3826 dextrae
