2672 4350
603 355 710 398 suasu

555 742 713 802 SATIRA
732 743 758 802 I.

181 875 299 933 Oeonas
314 874 469 932 honinem!
489 883 647 950 opattam
660 884 697 934 est
710 876 739 932 in
752 874 830 934 rebar
843 875 946 934 aare!

179 971 278 1044 “Quis
291 970 367 1046 leget
381 972 478 1030 haeei”
517 970 591 1029 Min’
606 978 641 1030 tu
653 971 732 1030 istud
745 971 807 1030 aiei
844 977 863 1007 “
872 971 968 1030 Nemo
980 970 1131 1032 herculel”

257 1069 373 1128 Nemol

178 1166 262 1224 “Vel
275 1166 342 1238 duo,
356 1165 403 1224 vel
417 1185 519 1234 nemo;
541 1173 628 1242 turpe
641 1174 670 1226 et
684 1166 848 1226 miserabile
856 1166 883 1223 l'’
919 1166 1038 1238 Quare!

176 1263 223 1322 Ne
236 1265 308 1322 mihi
321 1264 498 1341 Polydamas
510 1271 541 1322 et
553 1264 694 1323 Troiades
707 1265 872 1322 Labeonem

176 1361 384 1420 Proetulerinti
425 1361 529 1438 Nugae.
570 1361 648 1434 Non,
663 1360 688 1418 si
701 1361 772 1436 quid
785 1360 902 1418 turbida
914 1361 1010 1418 Roma

176 1459 290 1533 Elevet,
304 1460 431 1532 accedas,
446 1477 605 1518 examenve
618 1459 783 1534 improbum
797 1460 828 1516 in
841 1457 895 1516 illa

177 1555 309 1634 castiges
323 1557 453 1624 trutina;
474 1574 528 1614 nee
541 1563 571 1614 te
584 1556 751 1630 quaesiveris
764 1555 864 1614 extral

176 1653 255 1712 Nam
269 1656 370 1712 Βοωω
384 1654 450 1728 quis
463 1672 522 1712 non
536 1694 543 1708 .
559 1695 567 1710 .
582 1653 613 1710 ,ἵ
635 1652 683 1726 ah,
695 1652 719 1710 si
733 1651 778 1710 fas
793 1653 887 1710 dicere
901 1694 909 1708 .
923 1693 930 1707 .
948 1653 975 1711 .1
1018 1654 1076 1713 Sed
1088 1651 1134 1714 fas

176 1751 269 1821 Tunc,
284 1768 374 1824 quum
388 1749 427 1806 ad
438 1749 576 1808 canitiem
589 1755 620 1806 et
632 1755 765 1806 nostrum
779 1747 857 1806 istud
869 1749 967 1807 vivere
980 1751 1063 1810 triete
1094 1753 1133 1810 10

175 1846 298 1922 Aspexi,
313 1864 349 1903 ac
362 1846 484 1904 nucibus
498 1844 620 1904 facimus
632 1863 811 1920 quaecunque
824 1846 941 1920 relictis,

176 1944 275 2016 Quum
289 1944 418 2019 sapimus
433 1952 568 2018 {aunon
589 1952 669 2016 tunc,
685 1951 757 2002 tune
769 1944 917 2020 ignoscite
959 1943 1054 2005 Nolo:

175 2042 268 2116 (Quid
281 2040 423 2116 faciam?
444 2040 494 2100 sed
507 2060 571 2100 sum
584 2041 729 2118 petulanti
743 2039 841 2119 splene
853 2043 1001 2103 cachinno.

216 2140 384 2214 Scribimus
398 2141 525 2199 inclusus
539 2158 675 2198 numeros
690 2141 749 2215 ille,
764 2141 812 2201 hio
824 2142 896 2219 pede
909 2141 991 2215 liber,

176 2238 297 2299 Grande
310 2239 430 2314 aliquid,
444 2239 522 2314 quod
535 2237 636 2316 pulmo
649 2240 755 2297 animae
769 2240 925 2316 praelargus
939 2239 1064 2300 anhelet.

176 2338 295 2398 Scilicet
307 2337 370 2394 haee
383 2337 500 2413 populo,
514 2354 664 2412 pexusque
677 2343 802 2412 togaque
815 2337 923 2396 recenti

176 2435 218 2492 Et
230 2434 367 2492 natalitia
379 2434 496 2491 tandem
510 2451 577 2490 cum
591 2432 770 2508 sardonyche
783 2433 875 2505 albus,

176 2531 250 2591 Sede
263 2532 339 2607 leget
353 2530 437 2602 celsa,
453 2530 564 2603 liquido
578 2547 669 2604 quum
683 2529 825 2606 plasmate
838 2538 939 2606 guttur

175 2628 286 2686 Mobile
299 2627 440 2698 eolluerit,
454 2627 584 2702 patranti
596 2625 707 2684 fractus
720 2626 820 2684 ocello.

175 2725 235 2784 Hie
247 2742 340 2800 neque
353 2743 434 2783 more
447 2726 537 2800 probo
550 2724 648 2782 videm
662 2742 715 2782 neo
728 2742 798 2782 voce
811 2741 913 2784 serena
1093 2727 1134 2786 20

175 2822 311 2898 Ingentes
323 2821 468 2898 trepidare
481 2822 575 2894 Titos,
590 2839 685 2896 quum
696 2823 826 2880 carmina
837 2823 971 2882 lumbum

176 2920 301 2992 Intrant,
316 2926 345 2977 et
358 2919 483 2977 tremulo
496 2918 668 2996 scalpuntur
680 2920 731 2978 ubi
745 2919 851 2978 intima
863 2939 957 2981 versu.

176 3017 261 3090 Tun',
277 3015 384 3089 vetule,
399 3015 540 3098 auriculis
553 3016 656 3074 alienis
669 3016 781 3092 colligis
795 3019 893 3076 escas?

175 3114 333 3188 Auriculis,
348 3114 453 3189 quibus
466 3121 497 3178 et
510 3112 590 3172 dieas
602 3121 670 3172 outa
683 3115 821 3190 perditus,
837 3115 908 3173 ohel

176 3211 243 3283 Quo
256 3211 396 3283 didicisse,
411 3211 469 3269 nisi
482 3211 538 3269 hoo
551 3209 726 3268 fermentum
740 3219 769 3268 et
782 3229 847 3285 quae
861 3211 949 3270 semel
962 3211 1042 3270 intus

175 3308 284 3366 Innata
297 3317 349 3382 est,
363 3306 565 3384 rupto‘jocore,
581 3308 687 3366 exierit
700 3309 873 3384 caprificus!

175 3406 223 3463 En
236 3404 339 3479 pallor,
355 3405 540 3478 seniumque!
585 3403 739 3463 Omoresl
762 3403 973 3478 usqueadeone

175 3501 255 3560 Scire
268 3508 353 3559 tuum
367 3500 444 3558 nihil
457 3507 510 3572 est,
525 3499 583 3558 nisi
596 3507 626 3558 te
639 3500 713 3558 scine
725 3501 781 3558 hoc
793 3501 868 3557 sciat
880 3499 975 3558 alteri

177 3598 248 3654 “At
261 3597 415 3674 pulchrum
429 3604 472 3654 est
484 3596 577 3672 digito
590 3597 744 3654 monstrari
757 3604 787 3653 et
800 3596 897 3668 dicier,
912 3597 961 3654 hio
973 3596 1033 3656 est!

102 3745 110 3757 ,
174 3695 246 3752 Ten’
261 3695 431 3753 cirratorum
444 3700 562 3751 centum
575 3692 686 3750 dictata
698 3690 788 3750 fuisse
1091 3695 1131 3756 30

174 3790 236 3848 Pro
248 3790 344 3848 nihilo
357 3790 465 3866 pendas
473 3788 505 3846 l’'
547 3788 625 3846 Eece
637 3789 714 3846 inter
726 3789 831 3866 pocula
844 3796 980 3865 quarunt
1024 3853 1027 3856 ,
