2702 4354
149 343 209 400 102
571 361 678 402 rrusrr
756 339 788 378 ⁸

145 491 232 566 Caspe
247 499 285 566 et,
300 489 410 550 farrata
422 495 519 569 pueris
531 491 736 568 plaudentibus
750 493 819 563 olla,

148 591 312 645 Pannosam
326 588 425 648 saecem
440 591 587 646 morientis
602 591 699 646 sorbet
712 591 787 646 aceti
797 590 829 646 t”

186 685 231 741 At
245 685 269 742 si
282 694 387 742 unctus
401 703 491 744 cesses
504 694 534 744 et
548 688 620 762 figas
631 688 663 744 in
678 694 744 744 cute
760 687 859 758 solem,

148 783 209 854 Est,
224 800 312 858 prope
326 790 355 838 te
368 782 487 858 ignotus
501 785 601 862 cubito¹
613 784 664 858 qui
677 790 788 858 tangat,
803 790 834 840 et
846 800 912 840 aere

148 880 279 954 Despuat
292 879 321 935 in
335 883 437 938 mores

148 976 314 1049 “Quinque
327 977 491 1051 pulaestritae
504 976 572 1033 licet
586 977 648 1034 haec
661 976 808 1053 plantaria
820 977 939 1049 vellant,

147 1073 216 1131 Non
229 1081 328 1130 tamen
342 1074 398 1130 ista
411 1075 476 1131 filix
488 1074 549 1131 ullo
561 1074 736 1131 mansuescit
749 1073 874 1130 aratro.”

189 1169 343 1242 Caedimus,
358 1171 446 1244 inque
460 1171 552 1229 vicem
566 1173 727 1247 praebemus
740 1189 826 1228 crura
838 1169 959 1245 sagittis.

148 1269 269 1326 Vivitur
283 1269 338 1325 hoc
352 1276 455 1344 pact03
476 1270 517 1327 sic
528 1269 680 1328 novimus!
724 1268 783 1325 Ilia
796 1269 893 1326 subter

149 1366 267 1424 Caecum
283 1367 389 1424 vulnus
403 1369 507 1426 habes:
530 1368 580 1426 sed
593 1369 654 1426 leto
668 1367 780 1426 balteus
794 1385 865 1424 auro
1063 1368 1102 1426 40
1153 1367 1155 1372 ’

149 1464 296 1541 Praetegit.
338 1467 381 1524 Ut
395 1467 497 1540 mavis,
512 1466 550 1524 da
562 1469 650 1524 verba
663 1473 693 1522 et
707 1466 806 1541 decipe
818 1483 930 1537 ner-voe,

150 1566 182 1624 Si
197 1574 287 1642 potes.
330 1566 513 1642 “Egregium
527 1583 616 1638 quum
631 1583 677 1622 mc
690 1564 796 1621 vicinia
810 1565 897 1636 dicat,

129 1734 132 1738 Ι
150 1665 218 1724 Non
231 1662 385 1721 credamt”
428 1663 501 1720 Viso
515 1662 538 1717 si
552 1661 642 1735 palles
657 1661 786 1735 improbe
799 1679 926 1732 nummo,

151 1761 183 1817 Si
198 1761 304 1817 Puteal
317 1759 410 1816 multa
422 1765 525 1814 cautus
537 1757 630 1814 vibice
644 1756 787 1831 flagellas:

150 1856 353 1930 Nequicquam
367 1853 474 1928 populo
488 1853 602 1910 bibulas
614 1853 765 1911 donaveris
778 1872 868 1911 aures

154 1955 274 2029 Respue‚
290 1953 367 2025 quod
381 1969 439 2008 non
453 1969 497 2016 es3
519 1950 605 2007 tollat
618 1969 671 2008 sua
683 1969 803 2008 munera
817 1951 917 2018 cerd03

151 2054 262 2109 Tecum
276 2049 393 2113 habitem
415 2047 502 2120 noris,
517 2065 604 2121 quem
619 2048 657 2104 sit
670 2048 725 2106 tibi
741 2058 824 2107 curta
838 2049 974 2124 supellex.
