2702 4354
200 366 241 422 66
508 379 539 420 u.
558 377 649 436 sunu
669 366 847 420 Juvanffls

199 513 355 590 Caesariem
369 519 398 568 et
411 510 527 567 madido
542 478 723 582 torquentem
737 525 846 568 cornua
859 509 956 566 cirre?

162 623 164 628 '
197 610 309 685 Nempe
320 606 400 684 quod
414 609 476 665 haec
490 606 667 664 illis'natura
683 614 726 664 est
740 608 874 664 omnibus
886 623 955 664 una.

198 708 249 765 Ad
262 708 372 765 subitas
385 706 535 763 Thracum
549 705 681 762 volucres
693 706 858 778 nubemque
872 721 1005 761 sonoram

198 808 352 880 Pygmaeus
365 803 464 878 parvis
477 802 568 860 currit
581 801 704 860 bellator
717 803 748 858 in
762 801 866 858 armis:

199 903 273 958 Mox
285 902 324 958 im
329 900 472 976 parhosti
486 907 643 974 raptusque
656 916 708 972 per
721 915 790 980 aera
803 897 899 956 curvis

200 998 353 1073 Unguibus
366 1017 385 1054 a
398 1016 475 1055 saeva
487 995 580 1054 fertur
592 1014 671 1072 grue.
714 996 746 1054 Si
760 994 858 1052 videas
870 994 926 1051 hoc
1099 991 1157 1052 170

201 1096 344 1154 Gentibus
357 1095 388 1152 in
402 1095 517 1167 nostris,
528 1096 589 1152 risu
602 1095 751 1168 quatiare:
770 1091 824 1148 sed
837 1091 906 1163 illic,
979 1093 980 1097 ’

201 1193 376 1266 Quanquam
390 1193 489 1249 eadem
503 1191 616 1250 assidue
630 1197 796 1266 spectentur
810 1188 921 1265 proelia,
936 1187 1012 1246 ridet

200 1289 303 1363 Nemo,
319 1289 370 1346 ubi
385 1296 449 1346 tota
462 1291 565 1347 cohors
577 1290 649 1365 pede
663 1308 722 1347 non
736 1295 780 1346 est
794 1287 881 1345 altior
895 1303 961 1342 uno.

244 1388 396 1448 “Nullane
411 1385 519 1462 perjuri
533 1387 637 1462 capitis
649 1385 817 1460 fraudisque
831 1382 962 1442 nefanda

200 1475 294 1542 Poena
308 1485 403 1542 critt'’
446 1483 612 1558 Abreptum
626 1485 709 1541 crede
722 1485 800 1540 hunc
812 1483 944 1558 graviore
958 1487 1062 1538 catena

200 1583 349 1653 Protinus,
366 1589 395 1639 et
408 1590 508 1638 nostro
521 1580 604 1656 (quid
617 1581 683 1656 plus
697 1580 769 1639 velit
783 1579 861 1654 irat)
881 1581 979 1638 necari

200 1679 350 1736 Arbitrio:
372 1686 471 1736 manet
484 1679 535 1734 illa
548 1685 645 1734 tamen
655 1677 781 1750 jactura,
797 1696 850 1735 nec
865 1696 994 1752 unquam
1060 1671 1062 1675 ’

201 1775 375 1849 Depositum
388 1774 442 1832 tibi
457 1791 553 1849 sospes
567 1775 638 1830 erit:
660 1775 710 1832 sed
723 1791 842 1850 corpore
856 1782 961 1832 trunco

160 1921 163 1928 .
201 1871 352 1952 Inyidioea
365 1871 446 1929 dabit
458 1871 597 1928 minimus
611 1872 717 1930 solatia
729 1873 860 1948 sanguis:

120 1981 122 1984 ·
200 1935 511 2028 Atiliidietd‘bonum
524 1970 587 2028 vita
595 1968 754 2044 jucundius
766 1972 837 2048 ipsa.
1070 1974 1158 2043 9180

200 2065 313 2142 Nempe
326 2066 383 2144 hoc
395 2067 514 2139 indocti,
530 2084 653 2141 quorum
667 2069 826 2143 praecordia
839 2071 927 2129 nullis

201 2163 353 2222 Interdum
366 2172 419 2222 aut
432 2165 544 2224 levibus
557 2165 655 2223 videas
667 2166 821 2242 flagrantia
833 2169 935 2226 causis.

201 2262 467 2337 Quantulacunque
481 2263 553 2321 adeo
566 2272 609 2321 est
623 2265 744 2338 occasio,
759 2267 863 2324 suffieit
876 2267 940 2322 irae:

201 2359 382 2434 Chrysippus
396 2378 454 2417 non
468 2361 546 2418 dicet
560 2361 644 2433 idem,
660 2379 714 2418 nec
728 2363 798 2419 inite
811 2363 945 2420 Thaletis

200 2456 363 2530 Ingenium,
376 2457 511 2530 dulcique
524 2476 612 2515 senex
625 2459 737 2516 vicinus
751 2458 902 2536 Hymetto,

200 2553 260 2624 Qui
273 2562 386 2628 partem
400 2562 525 2628 accepta
538 2573 615 2612 saeva
628 2556 703 2612 inter
717 2557 815 2614 vinela
828 2557 930 2616 cicutae

126 2705 136 2724 ⁸
200 2651 373 2706 Accusatori
389 2652 477 2707 nollet
492 2651 569 2709 dare.
612 2653 743 2711 Plurima
757 2654 828 2712 felix

201 2746 359 2802 Paullatim
372 2747 446 2804 vitia
459 2755 548 2821 atque
561 2767 670 2806 encres
685 2751 767 2807 exuit
780 2769 888 2824 omnes,

201 2845 303 2900 Prima
316 2844 400 2901 docet
413 2852 524 2902 rectum
539 2839 705 2922 Sapientia?
729 2851 836 2924 quippe
853 2850 957 2908 minuti

101 2949 103 2953 ’
202 2943 322 3017 Semper
335 2950 363 3002 et
376 2943 484 3000 infirmi
498 2952 541 3002 est
557 2945 647 3002 animi
662 2946 819 3022 exiguique
832 2925 967 3026 volupiae
1100 2951 1158 3008 190
1208 2957 1216 2972 ”

201 3015 481 3124 Uldo.flContinuo
496 3042 662 3120 sic-collige,
678 3042 754 3118 quod
768 3045 896 3104 vindicta

200 3137 295 3196 Nemo
308 3139 400 3214 magis
413 3139 530 3216 gaudet,
546 3159 635 3214 quam
649 3140 764 3198 femina.
807 3141 869 3201 Cur
882 3152 981 3202 tamen
994 3145 1047 3203 hos
1059 3151 1094 3202 tu

201 3236 334 3293 Evasisse
347 3245 440 3312 putes,
458 3256 531 3311 quos
544 3239 599 3295 diri
615 3239 729 3296 conscia
742 3238 812 3297 iacti
890 3287 895 3298 .

201 3334 285 3390 Mens
295 3334 385 3401 hebet
400 3336 539 3393 attonitos
548 3344 582 3410 let
596 3336 683 3392 surdo
697 3323 814 3394 verbere
828 3338 914 3396 caedit

200 3429 358 3488 Occultum
371 3433 521 3504 quatiente
535 3433 633 3490 animo
646 3441 755 3490 tortore
767 3435 933 3510 flagellum?

199 3528 295 3584 Poena
309 3536 408 3585 autem
422 3528 576 3586 vehemens
589 3530 732 3588 aeflnulto
745 3533 848 3589 savior
861 3533 929 3604 illis,

200 3626 282 3698 Quas
295 3634 325 3683 et
340 3627 483 3688 Caedicius
495 3628 593 3702 gravis
605 3628 716 3686 invenit
729 3637 781 3686 aut
796 3631 1049 3704 Rhadamanthus,

199 3724 294 3783 Nocte
308 3725 413 3797 dieque
427 3743 511 3782 suum
524 3733 635 3799 gestare
648 3724 680 3781 in
694 3733 809 3800 pectere
822 3734 933 3784 testem.

190 3821 346 3894 'Spartano
360 3820 635 3896 cuidamrespondit
649 3823 760 3896 Pythia
772 3832 871 3880 vates:
888 3814 899 3888 ⁸.
